2582 4238
571 291 611 356 21

529 446 646 514 XVIII.

140 560 282 628 Credula
297 559 390 626 valde
407 557 483 647 quie
497 558 566 626 Eva
582 555 730 632 eredidit,

142 671 281 739 comedit
297 673 448 755 frustum,
464 669 522 736 sed
537 668 826 750 amisit'h'onerem,

139 795 172 849 et
188 805 298 850 seeum
313 781 477 850 Adamum
492 780 635 870 pellexit,

138 895 206 960 edit
222 894 283 959 iste
299 891 434 960 nune-id
450 891 535 980 quod
546 890 707 980 eognovit
722 889 870 968 vetitum

138 1005 254 1077 timuit,
270 1027 311 1070 ne
325 1002 395 1068 Eva
410 1002 617 1087 irasceretur,

137 1116 165 1180 si
182 1125 320 1202 negaret
336 1114 473 1202 petitam
490 1113 609 1178 faeere.

137 1225 294 1291 Diabolus
309 1223 415 1311 potuit
432 1222 477 1288 sie
493 1220 655 1310 principio
671 1243 845 1298 aeeaeeare

136 1347 291 1425 parentes
307 1345 435 1402 nostros
452 1335 552 1400 multu
567 1333 701 1400 fallacie.

545 1527 635 1597 XIX.

140 1664 236 1730 Punit
252 1665 409 1749 eosjuste
419 1660 543 1748 judicio

137 1785 253 1862 potens
269 1773 427 1840 Dominus
444 1774 484 1840 ob
501 1770 722 1840 infidelitatem
739 1778 836 1840 tatem

139 1885 263 1975 expulit
278 1908 334 1951 eos
351 1883 391 1950 de
408 1882 543 1962 honoris
556 1882 632 1962 sede
649 1950 653 1960 ,
711 1953 715 1961 ,
761 1925 764 1932 ,

138 2019 262 2084 egenos
278 2008 311 2062 et
327 1995 429 2061 nudos
446 1994 478 2058 in
495 1993 883 2074 eruciatusetmortem„
915 2061 918 2066 ,

137 2109 361 2174 Pererrabant
377 2105 488 2175 miseri
502 2104 536 2170 in
551 2103 670 2184 misero
686 2104 806 2182 munde
877 2121 882 2157 ³
904 2147 906 2154 ι

138 2241 199 2306 per
214 2219 331 2283 multas
348 2227 463 2298 terras,
479 2216 534 2282 ubi
550 2217 740 2294 feretratum
756 2216 875 2289 exinde

138 2330 302 2394 hominum
318 2351 423 2415 genus
440 2350 512 2392 eum
529 2327 684 2413 gravibus
700 2328 842 2414 peccatis
864 2395 870 2400 ,

137 2440 289 2504 emissum
305 2448 356 2504 est
372 2439 414 2518 de
429 2437 549 2514 Adami
564 2438 689 2514 lumbis.
779 2509 784 2514 ,
830 2509 835 2514 ,

553 2631 627 2701 XX.

138 2769 314 2835 Acerbitas
330 2767 489 2855 prevenit,
505 2767 604 2844 ueluti
617 2764 769 2842 redirde
784 2789 884 2857 rame,

138 2881 310 2946 emanabat
325 2888 402 2944 tune
419 2879 523 2943 scelus
539 2899 581 2942 ex
597 2899 661 2942 une
677 2875 710 2942 ia
728 2878 879 2958 alterium

137 2992 198 3058 fuit
213 2991 259 3056 sic
275 2991 412 3056 mundus
427 3013 487 3078 per
502 2991 638 3075 longum
653 2999 780 3076 tempus

137 3105 223 3168 vitae
239 3125 367 3190 expers,
383 3102 442 3168 sed
457 3102 571 3190 plenus
586 3101 652 3168 leti.

137 3215 298 3281 Gessabat
313 3235 418 3300 neque
434 3212 530 3279 timor
545 3234 651 3300 neque
668 3223 781 3287 metus,

137 3349 237 3391 unum
253 3335 304 3390 est
320 3334 438 3395 tamen,
454 3322 696 3410 quodmaximo
713 3335 764 3390 est
780 3323 975 3392 detrimento

136 3447 253 3525 patens
269 3445 420 3519 tartarus,
436 3435 551 3521 plenus
569 3433 829 3517 detestationum‚

135 3548 252 3614 obtulit
267 3547 406 3637 seipsum
421 3547 453 3612 in
471 3545 631 3632 cuiusque
640 3557 751 3612 marte.
