2582 4238
680 327 723 393 36

658 485 775 552 LXIII.

261 597 440 663 Benedicta
455 599 520 673 lux,
539 596 639 662 dulcia
656 598 746 676 dean,

262 732 338 775 vere
354 709 532 774 vivificator
548 719 757 784 mortuorum,

263 821 351 908 eripe
368 843 420 885 me
438 821 478 885 de
496 820 696 886 diabolorum
711 819 910 903 habitaculis,

260 931 400 1008 Domine
417 931 572 996 clemens!
597 943 630 996 et
644 931 751 996 retine
767 954 819 996 me
836 931 968 1018 postea!

261 1049 299 1106 Io
316 1052 468 1114 uternam,
485 1046 609 1104 elevatis
624 1047 766 1105 manibus

262 1161 368 1216 laudes
384 1158 524 1230 eloquens
540 1157 573 1214 in
588 1162 747 1232 utrumque
760 1177 839 1233 yeau

261 1274 401 1326 ereatura
417 1268 514 1326 oannis
530 1270 614 1326 dedet
622 1269 793 1342 procidere,

262 1378 390 1437 Creator
405 1377 469 1435 mi!
491 1396 593 1435 coram
601 1377 688 1453 facie
707 1378 790 1435 Tau!

651 1566 769 1632 LXIV.

258 1697 362 1766 Video
379 1699 551 1774 neminem,
570 1700 625 1786 qui
640 1700 743 1786 possit
759 1700 877 1787 eloqui,

259 1810 461 1898 eloquentiae
479 1809 624 1897 quamvis
641 1819 806 1876 teutamen
821 1811 929 1875 faeere
946 1812 1095 1883 voluerit,

258 1944 386 1986 omnem
402 1920 565 2005 laetitiam,
582 1944 678 2006 quam
692 1921 840 2007 percepit
854 1921 990 2007 largiter

257 2055 357 2099 senex
374 2031 484 2096 Adam
499 2031 533 2094 in
549 2031 631 2098 Jesu
655 2031 814 2112 adventu;

257 2145 327 2231 ipse
343 2143 369 2206 is
387 2144 472 2208 solus
490 2142 575 2208 euim
591 2142 757 2208 innodavit
772 2142 902 2208 miserit

257 2253 450 2340 progeniem
465 2276 555 2317 suam
572 2276 701 2318 omnem
715 2253 829 2318 mortis
844 2252 1012 2332 eruciatui3

260 2364 318 2428 sed
334 2387 419 2429 nune
434 2364 573 2429 redemit
589 2374 689 2429 totam
706 2365 746 2428 ab
763 2364 859 2429 exilio

260 2499 341 2540 unus
357 2475 426 2540 eius
441 2474 536 2549 filius,
553 2484 586 2539 et
602 2472 856 2542 misericordiam
872 2474 1044 2560 praestitit.

659 2667 762 2734 LXV.

261 2799 329 2866 Cur
345 2803 502 2876 studuisti,
520 2812 611 2867 vetus
627 2802 738 2885 hostis,

260 2913 394 2987 infamis,
413 2914 437 2981 J
438 2937 494 2979 esu
509 2913 671 2979 mortem?

262 3024 318 3088 An
335 3024 495 3090 videbaris
512 3025 570 3089 tibi
588 3033 621 3088 tu
639 3023 695 3107 (ei)
711 3025 813 3109 major
828 3023 998 3110 potentia?

261 3136 411 3200 Potestas
428 3137 495 3201 eius
512 3145 620 3199 tamen
637 3133 835 3198 divinitatem
852 3144 998 3200 testatur.

261 3246 317 3311 An
332 3249 468 3334 putabas
486 3269 603 3333 corpus
621 3245 715 3329 (eius)
731 3243 919 3311 fictionem?

262 3357 390 3445 Corpus
408 3357 556 3422 assumsit
572 3355 624 3420 ille
641 3355 776 3443 virginis
793 3366 959 3442 augustae,

262 3469 455 3534 immeritum
472 3489 567 3554 quem
581 3467 791 3553 flagellabant
806 3466 961 3548 homines,

264 3579 333 3644 sine
350 3579 436 3645 omni
451 3579 533 3651 labe,
551 3577 629 3642 nihil
646 3577 788 3665 deliquit.
846 3615 849 3622 ·
