2582 4238
697 311 740 376 32

685 467 739 536 LI.

262 579 393 648 Summe
409 579 565 665 magister
583 579 724 646 omnium
740 579 902 652 virtutum,

260 692 289 758 Ο
308 693 330 759 J
332 715 389 758 esu
404 694 498 768 bone,
517 691 571 778 qui
586 691 685 756 vitam
702 690 802 756 donas
818 689 1009 765 hominibus,

261 805 301 868 da
316 803 393 868 mihi
409 814 591 890 temperare
608 812 641 866 et
658 802 801 890 (Erigere

260 916 368 992 verba,
384 924 421 978 ut
435 922 552 1000 poe‘ma
568 913 702 999 dignum
718 913 830 1000 lingua
846 913 1027 978 concinnet.

259 1033 299 1089 In
314 1037 475 1101 aeternum,
492 1028 612 1088 elevatis
627 1028 767 1088 manicos

262 1143 367 1199 laudes
387 1142 526 1214 eloqueas
542 1139 576 1198 ia
591 1151 752 1214 umorque
765 1159 842 1214 pena

263 1258 402 1310 creatora
419 1250 516 1308 omnis
533 1253 616 1309 debet
629 1251 794 1330 procidere,

264 1362 388 1420 Creator
402 1361 462 1419 mi!
483 1381 584 1419 coram
594 1361 681 1437 facie
700 1362 784 1419 Turi!

681 1551 749 1617 LII.

263 1683 346 1752 Sunt
363 1682 504 1750 notanda
520 1683 682 1772 exempla:

262 1817 402 1862 summus
420 1795 599 1861 dominator
616 1795 807 1882 angelorum
823 1807 856 1860 et
872 1795 1036 1861 hominum

259 1907 384 1973 inflexit
400 1931 485 1972 nunc
503 1908 627 1979 collum,
644 1919 677 1972 et
693 1907 791 1972 cessit

262 2020 360 2084 cuivis
377 2043 480 2104 servo,
498 2019 551 2106 qui
568 2019 687 2106 cupivit
705 2023 809 2102 (eum)
826 2021 1010 2084 verberare.

260 2131 370 2195 Pauca
386 2131 529 2216 loquens,
546 2129 683 2214 humilia,

260 2246 374 2306 tenera
389 2262 478 2313 voce,
494 2238 575 2304 facie
591 2241 734 2327 pulchra,

259 2352 305 2416 ita
321 2353 461 2417 offerens
478 2351 577 2440 (erat)
592 2351 627 2414 in
643 2351 795 2416 acerbam
810 2363 949 2417 mortem

262 2485 351 2528 suam
366 2463 504 2527 animam
521 2464 561 2526 ob
579 2461 805 2528 necessitatem
820 2485 933 2528 meam.

671 2657 753 2720 LIII.
844 2653 849 2664 '

263 2787 488 2877 Conspuentes
505 2800 580 2854 tunc
598 2789 704 2876 capita
721 2790 915 2875 quassabant

262 2905 354 2984 (tam)
370 2901 510 2987 gentiles
528 2924 623 2989 quam
641 2900 759 2966 Judaei
775 2899 931 2987 improbi;

262 3013 408 3098 plerique
426 3013 639 3078 deseruerunt
655 3009 819 3077 Christum

264 3125 404 3190 asseclae
420 3123 452 3188 in
469 3134 662 3211 tempestate
679 3125 749 3188 hac.

265 3231 527 3301 Commemorare
544 3257 595 3300 mc
613 3245 753 3321 oportet,
769 3257 828 3300 nec
844 3235 930 3300 aliud
946 3238 993 3301 fas
1010 3247 1069 3320 est,

262 3344 401 3408 Matrem
417 3344 488 3419 Dei,
505 3369 587 3433 quae
603 3347 762 3432 lacrymas
780 3346 909 3428 effudit;

263 3455 398 3519 forsitan
415 3467 448 3520 et
463 3479 609 3522 meorum
626 3456 773 3522 dolorum

264 3566 446 3632 meminisse
462 3569 589 3654 placeat
606 3569 633 3633 ei
651 3567 829 3655 aliquando.
