2582 4238
563 306 603 370 31

514 463 661 530 XLVIII.

139 579 321 665 Improbum
336 573 563 644 mediastinum
579 576 611 642 in
627 575 734 664 turpia
751 573 883 640 consilia

140 688 310 778 pellicit,'is
327 697 376 754 est
393 687 474 754 Jesu
491 689 694 762 asseclarum,

140 800 371 884 archisicarius,
388 797 421 862 in
438 797 564 886 (ipsius)
583 797 733 864 satellitio

138 910 240 978 Judas
257 911 446 999 appellatus,
465 906 519 995 qui
534 909 617 976 mala
633 910 805 976 meditatus
821 919 884 990 est3

139 1023 330 1088 clementem
345 1019 520 1086 Dominum
537 1029 673 1105 argento
690 1018 833 1084 vendidit

138 1129 239 1220 genti,
257 1154 338 1219 quae
356 1129 494 1198 Iudaica
509 1131 703 1206 nominatur,

137 1245 253 1331 plenae
271 1242 468 1307 crudelitatis
485 1240 573 1330 bilis3

137 1353 292 1440 rugiebat
308 1353 478 1418 insolentia
494 1353 528 1418 in
544 1353 611 1418 eius
627 1362 771 1440 pectore.
859 1395 862 1404 ,

533 1525 653 1592 XLIX.

144 1637 238 1702 Avidi
256 1647 479 1722 cucurrerunt,
496 1647 528 1702 et
544 1636 736 1702 invenerunt
752 1635 876 1711 desum,

40 1773 45 1780 ·
142 1749 304 1814 inventum
334 1749 597 1836 exagitaverunt,
622 1750 878 1814 verberaverunt
906 1759 938 1814 et
958 1749 1037 1839 liga·

809 1869 935 1936 verunt,

141 1970 277 2058 ligatum
293 1967 509 2045 abduxerunt,
526 1971 584 2036 sed
600 1969 739 2058 gentiles
757 1969 950 2047 deriserunt,

142 2081 292 2156 derisum,
313 2082 453 2146 delatum
469 2082 716 2168 flagellaverunt
733 2080 942 2164 denudatum3

143 2175 263 2258 diabcli
277 2190 454 2279 progenies
471 2197 561 2257 arcte
577 2186 669 2274 spinis

138 2305 223 2368 ‘haec
240 2302 419 2381 circumdat
435 2303 639 2367 benedictam
656 2299 809 2384 frontem3

141 2415 177 2478 hi
193 2413 331 2500 affigunt
347 2411 513 2478 Christum
530 2412 626 2485 cruci,

143 2533 177 2588 et
193 2523 328 2590 trudunt
345 2525 476 2610 terrum,
493 2525 539 2588 ita
555 2535 590 2588 ut
607 2523 753 2588 exsiliret
769 2523 911 2609 sanguis.

578 2676 616 2741 L.

145 2785 326 2874 Oporteret
341 2767 400 2852 nos
418 2787 531 2853 desum
545 2785 734 2852 Dominum·

144 2891 367 2962 indubitanter
384 2898 481 2984 plant
495 2897 614 2962 fiducie

147 3033 189 3074 ex
212 3011 317 3075 cordis
335 3007 454 3073 intimis
470 3008 690 3096 penetralibus

145 3143 259 3186 omnes
275 3145 339 3185 una
354 3121 568 3207 lacrymantes
584 3122 751 3214 iuvocare:

146 3235 198 3296 Sit
215 3235 284 3294 Ib'ba'
297 3236 398 3310 ylaris
415 3255 482 3294 cam
496 3255 567 3294 aero
583 3240 750 3315 splendore,

145 3353 268 3406 cantata
285 3347 351 3404 laus
367 3348 403 3404 ab
420 3346 557 3406 omnibus
573 3344 698 3420 linquis,

146 3459 182 3516 a'a
198 3463 351 3515 aeteruum
368 3477 434 3516 curn
449 3455 576 3516 victoria
591 3464 619 3516 et
633 3453 823 3526 beatitudine,

146 3573 245 3629 bonor
261 3574 289 3626 et
301 3575 431 3645 potestas
451 3569 514 3628 Tac
529 3581 684 3642 uunquam
698 3565 869 3626 minuetur!
