2582 4238
683 343 726 408 20

665 498 738 565 xv.

250 610 446 688 lntumesoit‚
463 619 584 697 turget,
601 620 634 674 et
649 629 750 697 aegre
767 611 832 676 fert

250 722 386 809 angelus
403 721 544 801 exilium,
562 743 625 810 quo
642 721 811 788 damnatus
827 731 887 804 est,=
989 776 993 782 .

249 831 275 897 ai
290 833 454 900 hominum
470 835 576 919 turba,
592 833 625 899 in
640 837 731 898 terrt
745 817 917 922 prognata,

248 943 430 1030 assequitur
445 944 479 1010 id
494 945 720 1020 habitaculum,
733 929 824 1032 ,quod
841 942 1009 1020 amiseratt
1040 957 1043 966 “

247 1053 293 1119 aie
308 1053 448 1119 miscens
464 1056 577 1122 mortis
594 1057 700 1122 faeces

246 1163 394 1229 latitabat
411 1189 429 1229 a
445 1153 514 1232 visu
530 1167 694 1233 hominum

246 1274 375 1341 dolosus
391 1276 477 1342 intus
492 1277 524 1341 in
542 1277 680 1364 quodam

246 1397 408 1475 serpente,
425 1397 457 1453 et
473 1387 519 1452 sio
535 1389 635 1453 verba
649 1386 799 1474 proferre
816 1385 931 1473 eoepit.

653 1568 742 1646 XVI.

246 1709 302 1777 Sic
318 1721 448 1777 tentans
463 1712 565 1779 Evam
581 1712 768 1801 alloquitur:

246 1823 426 1908 „responde
443 1823 520 1889 mihi
536 1826 659 1890 statim:
685 1847 743 1889 our
757 1822 916 1890 Dominus
953 1859 957 1870 ·

242 1931 462 1999 suavissimum
478 1935 568 2002 vobis
584 1936 725 2003 fructum
740 1934 840 2000 edero
905 1983 916 2006 0

241 2041 417 2117 interdixit,
426 2031 1143 2135 sedeonoaasittamenpaeueomniaoetera?“

242 2150 299 2220 Sic
315 2154 436 2219 factum
451 2162 512 2237 est,
527 2150 597 2216 Eva
612 2155 782 2237 respondit

242 2263 341 2338 veluti
355 2265 445 2330 vafer
460 2262 562 2330 hostis
576 2261 791 2353 praeviderat:
807 2257 810 2264 ’
908 2306 910 2316 ,

245 2397 305 2455 „ne
322 2399 380 2442 nos
397 2376 437 2442 de
452 2375 631 2441 tramitibus
646 2375 730 2443 vitae
810 2391 813 2399 ’

240 2487 371 2552 levitate
387 2486 641 2576 praecipitemus,
653 2486 685 2552 in
702 2479 816 2553 mortis
832 2489 987 2574 plateas.“

643 2679 745 2746 XVII.

239 2814 350 2880 Facile
365 2813 496 2888 invenit,
512 2825 548 2880 ut
563 2813 683 2879 lumina
702 2813 735 2901 (o
752 2837 760 2878 :
776 2813 951 2903 scriptura)
973 2826 1142 2904 testantur,

238 2925 401 2991 levitatem
417 2925 451 2991 in
466 2919 696 3014 responsorum
712 2924 948 2991 vacillationes
995 2941 1010 2974 ¹·
1036 2939 1040 2947 '
1092 2942 1106 2967 ἰ
1125 2937 1128 2944 ’

238 3058 320 3123 ergo
338 3060 433 3102 ausus
450 3046 500 3102 est
515 3037 652 3101 ulterius
666 3046 803 3108 tentare,

237 3147 403 3213 fraudibus
419 3148 570 3232 imbutus,
586 3160 618 3213 et
633 3147 776 3234 loquitur
793 3137 916 3212 dolose:
989 3135 994 3195 ἶ
1014 3179 1017 3187 ,
1043 3135 1046 3142 ⁴
1114 3176 1116 3184 ·

237 3280 302 3324 non
318 3269 353 3322 tu
370 3270 402 3323 et
418 3259 526 3324 Adam
541 3257 758 3332 moriemini·
857 3281 860 3302 ·
989 3247 992 3256 ’
1023 3271 1026 3278 ’

237 3355 1138 3459 pulchrafaoiegaudenteaquamviapomumuomodatit,

235 3479 457 3566 multomagis
476 3469 926 3568 oumhou‘oreutpoteutia¹
965 3467 981 3530 ‚³
1010 3469 1013 3528 ἶ
1056 3493 1058 3503 ’

235 3591 370 3677 gloriosi
388 3603 420 3656 et
436 3603 585 3678 potentes
603 3593 725 3658 Deitati
742 3589 1002 3658 assimilabimlni.
1021 3613 1031 3638 1
1052 3625 1066 3640 ἰ
1119 3579 1144 3636 '3³
