2582 4238
599 331 641 399 st

550 491 667 557 LXVI.

163 603 213 670 Tu
230 599 450 670 eondemnusti
466 601 617 670 miserem
631 604 742 680 Evam,

162 726 194 781 et
209 715 297 780 Evae
312 714 473 800 maritum,
490 716 530 781 ob
547 737 677 801 pomum
693 714 835 785 vetitum,

159 827 269 911 (homo
285 826 474 892 maledictus
489 847 549 912 per
565 847 675 890 omnes
692 824 920 910 generationes
929 824 965 904 i),

156 936 335 1024 progenies
352 938 447 1022 (eius)
466 935 632 1002 Christum
648 939 741 1000 haste
757 934 929 1000 transfixit.

158 1046 310 1113 Christus
327 1057 359 1112 te
376 1057 484 1113 tamen
501 1046 716 1134 deprehendit
732 1046 845 1133 primo,

154 1159 254 1246 primi
272 1157 336 1224 doli
354 1167 388 1223 et
402 1157 565 1222 homicidii
581 1157 755 1239 sitientem3

160 1271 215 1335 ille
234 1269 366 1336 sceleris
382 1269 509 1356 gladius
525 1269 677 1334 incurvus

155 1383 409 1468 retorquebatur
425 1380 458 1444 in
474 1390 530 1444 tua
545 1391 664 1448 rostra.

547 1573 678 1640 LXVII.

155 1705 285 1771 Exinde
301 1703 481 1771 resurrexit
498 1701 677 1788 (Christus)
696 1704 799 1768 vietor
816 1727 834 1766 a
850 1704 983 1767 mortuis

158 1816 209 1882 die
227 1816 312 1901 solis,
329 1827 363 1881 et
378 1825 489 1880 notem
505 1814 583 1880 feeit

154 1950 247 1992 suam
263 1926 537 1996 immortalitatem
553 1923 659 1992 multis
676 1925 856 1990 hominibus

153 2038 227 2124 ipss
244 2038 424 2113 elementis,
442 2037 585 2124 quamvis
603 2036 684 2101 mori
700 2037 856 2100 voluerat.

155 2147 232 2212 Duo
249 2147 503 2214 transduxerunt
519 2147 567 2211 bis

155 2259 271 2323 decem
288 2257 412 2322 dierum
428 2279 539 2323 cursus
555 2259 658 2342 lenes,
758 2338 759 2341 Ἴ

153 2371 343 2458 priusquam
360 2391 458 2458 super
474 2371 636 2434 saelorum
654 2368 784 2434 excelsa

155 2461 292 2546 elevavit
308 2479 507 2566 sanguinem,
525 2501 619 2565 quem
644 2490 780 2544 amatre
797 2489 1002 2544 assumserat.

535 2667 681 2738 LXVIII.

156 2805 384 2894 Praeterlepsis
401 2805 520 2894 septies

154 2928 281 3006 septem
299 2917 411 2983 diebus
428 2927 461 2983 et
476 2916 608 3003 iusuper
624 2935 687 2980 uno
740 2931 742 2937 '

153 3033 218 3095 hue
235 3029 321 3094 misit
337 3039 482 3095 sanetum
500 3023 657 3114 Spiritum
735 3049 738 3056 ’

153 3138 385 3226 integerrimae
401 3139 486 3204 vitae
503 3136 678 3224 discipulis.

154 3251 327 3336 Augustus
345 3251 385 3316 ad
401 3235 531 3314 manum
548 3249 716 3313 dexterum

154 3361 209 3426 ille
227 3361 373 3426 considet
389 3343 452 3425 Dei
467 3355 499 3423 in
517 3358 622 3444 glorie
637 3366 730 3432 verte

154 3497 214 3537 sua
230 3471 408 3553 extendens
426 3469 559 3535 brachia
575 3471 657 3534 alma

149 3584 297 3650 homines
314 3585 427 3648 inritet
443 3583 484 3647 ad
506 3584 667 3647 caelorum
688 3582 837 3668 gloriam.
