2582 4238
582 325 625 396 43·

505 487 689 557 LXXXIV.

149 589 270 672 Timeo,
287 620 327 664 ne
344 599 461 664 acerbe
480 599 586 666 doleat

148 711 363 776 conscientiae
380 709 472 795 regio
490 709 640 782 funditus,

146 831 216 886 tota
233 821 417 905 dilacerata,
435 845 532 908 quum
548 829 683 906 peccata
698 821 894 884 reclamant

145 955 238 997 suam
254 933 491 1020 possessionem
506 931 547 996 ad
563 955 619 996 cor
635 953 750 996 meum.

144 1044 351 1130 Nigricantia
368 1054 434 1107 tum
452 1042 650 1106 diabolorum
667 1043 798 1126 agmina

146 1155 452 1243 appropinquabunt
469 1155 608 1218 clamore
624 1163 657 1216 et
673 1153 885 1226 accusatione,

148 1266 256 1354 parati
273 1267 313 1332 ad
330 1288 381 1330 me
398 1264 651 1332 comburendum
667 1274 700 1328 et
716 1261 975 1348 excruciandum,

147 1376 377 1449 mordendum,-
401 1377 652 1460 dilacerandum,
676 1373 1050 1463 comprimendum,'dis-

754 1487 962 1574 carpendum.

518 1615 686 1683 LXXXV.

151 1729 207 1796 An
223 1739 258 1794 tu
274 1731 345 1802 hoc,
361 1727 502 1816 gloriose
518 1723 667 1812 Domine,

152 1842 340 1908 cohortibus
358 1837 522 1905 diabolicis
541 1840 710 1924 concedes,
750 1923 753 1940 .

149 1975 257 2017 meam
274 1953 412 2016 animam
428 1961 464 2016 ut
479 1952 609 2016 laedant
626 1962 658 2016 et
675 1943 870 2036 excruciant,

149 2062 275 2128 Mariae
292 2063 409 2149 proles,
427 2071 481 2125 aut
497 2062 649 2126 auxilium
667 2061 871 2147 denegabis?

153 2172 272 2239 Calido
288 2183 321 2238 et
335 2175 434 2238 rubro
452 2174 558 2238 cordis
576 2174 665 2258 (Tui)
682 2174 839 2259 sanguine

153 2286 243 2350 illam
259 2285 435 2368 redemisti,
451 2306 551 2372 quare
568 2284 645 2348 mihi
661 2283 772 2348 licebit
788 2285 963 2367 confidere,

153 2396 247 2480 Jesu,
263 2406 318 2460 tuo
335 2417 444 2459 amore
461 2396 492 2458 in
509 2395 664 2468 homines,

154 2509 211 2596 qui
228 2530 338 2573 omnes
355 2507 499 2571 invitavit
515 2507 556 2571 ad
572 2507 670 2570 vitam
687 2531 705 2570 a
722 2517 837 2574 morte.

515 2657 699 2724 LXXXVI.

155 2791 247 2858 Audi
262 2811 313 2856 me·
330 2815 424 2868 nunc,
441 2790 521 2855 caeli
538 2801 570 2856 et
585 2801 693 2856 terrae

156 2905 322 2969 excelsum
338 2903 556 2968 habitaculum
572 2903 714 2968 omnium
729 2899 897 2987 virtutum,

156 3038 281 3079 summa
295 3015 413 3100 regina
428 3015 594 3079 hominum
610 3025 642 3081 et
659 2995 859 3100 angelorum,

156 3135 263 3190 mater
277 3125 350 3211 Dei,
367 3136 400 3192 et
414 3126 597 3192 benedictio
614 3125 775 3211 gentium!

158 3237 267 3318 Quum
282 3238 395 3302 laboro
413 3237 566 3322 gravibus
583 3238 683 3312 malie,

159 3371 315 3436 praesens
332 3349 373 3412 sis
391 3370 481 3412 meae
499 3350 632 3424 animae,

160 3460 285 3525 involve
302 3465 401 3544 (cam)
419 3460 536 3525 eximio
552 3462 672 3525 tutelae
689 3459 825 3545 gremio,
916 3509 917 3512 ,

162 3593 235 3658 spes
252 3593 324 3636 mea
340 3593 426 3655 vera,
444 3593 525 3658 quae
542 3572 701 3638 succurris
717 3570 914 3638 hominibusi
