2582 4238
676 311 719 380 42

616 472 768 539 LXXXI.

153 647 155 652 .
241 585 291 652 Ne
310 579 449 651 dimittas
466 593 607 671 unquam
623 606 683 659 me,
702 605 720 648 o
738 581 881 666 Christe,

243 698 391 775 vitiorum
406 696 494 760 venti
510 696 542 759 in
558 697 775 782 procellarnm
791 694 927 781 impetu3

242 808 368 895 castiga
384 831 501 891 meum,
519 817 551 872 et
569 807 664 872 doma
680 830 774 892 quam
791 805 968 894 saepissime

242 942 413 984 accensum
429 928 550 1005 pectus,
568 917 757 982 elementiae
773 918 884 1002 virgin

243 1042 279 1096 ut
294 1033 481 1117 lacrymans
498 1031 611 1094 lubens
628 1028 670 1094 ad
685 1027 794 1114 pedes,

243 1151 337 1230 pater
353 1140 567 1223 serenissime,
583 1140 795 1226 procumbam
812 1138 909 1210 Tuos,

244 1257 434 1339 qutonnqne
450 1251 520 1316 vice
538 1250 641 1336 frigus
657 1268 852 1336 persensero

244 1357 278 1427 in
295 1363 449 1430 damnoso
466 1364 625 1428 scelerum
640 1363 727 1448 gelu.

582 1510 586 1528 ’
617 1555 784 1622 Lxxxn.

249 1687 317 1757 Oro
335 1713 420 1754 nuno
435 1709 495 1776 per
512 1687 634 1753 Mariae
651 1690 763 1754 matris

249 1801 400 1866 blandam
417 1800 596 1865 orationem
613 1809 645 1863 et
661 1801 832 1865 facundam
847 1796 1124 1874 intercessionem,

249 1915 359 1997 fretus,
376 1913 458 1978 Jesu
475 1909 615 1994 Christe,
945 1989 948 1998 ι

249 2028 358 2088 vestre
373 2021 584 2107 indulgentiis,
603 2043 684 2108 quae
700 2019 835 2108 perditis
852 2022 996 2088 suffecit:

253 2133 361 2220 afflige
379 2155 439 2208 me,
457 2140 628 2218 antequam
644 2131 748 2196 irruat
763 2153 861 2218 mors,

251 2243 390 2310 Domine
406 2242 459 2315 mi,
478 2243 671 2309 cruciatibus
689 2253 721 2307 et
737 2244 868 2321 morbis,

251 2366 286 2420 ut
303 2377 340 2420 eo
357 2353 461 2420 minus
477 2350 592 2421 exinde

254 2466 412 2532 dilaceror
430 2465 548 2530 diaboli
563 2466 658 2530 hamo
676 2475 781 2532 eeuto.

610 2658 793 2729 Lxxxm.
881 2629 886 2636 ’

255 2793 331 2857 Vita
347 2789 430 2880 ipsal
454 2791 544 2854 finita
560 2792 625 2854 vita
642 2791 740 2878 (med)

256 2903 357 2968 libera
377 2925 428 2967 me
446 2927 464 2966 a
481 2901 686 2966 damnatione
707 2925 767 2990 per
788 2903 1019 2991 poenitentiam
1037 2925 1155 2986 vorem,

258 3017 328 3080 oleo
345 3023 459 3077 unctus
477 3013 527 3076 fao
544 3022 578 3076 ut
592 3012 668 3078 fiam

256 3147 436 3213 agnoscens
454 3123 655 3189 elementiam
671 3125 765 3190 hene.

259 3236 471 3302 Purissimum
487 3233 628 3299 concede
646 3235 736 3300 cordi
751 3261 823 3304 meo

259 3372 376 3436 eorpus
394 3358 426 3412 et
443 3343 642 3429 sanguinem,
660 3369 741 3432 quao
758 3373 776 3412 a
793 3359 896 3416 matre
912 3346 1121 3433 assumpsisti,

255 3458 523 3547 jucundissimum
539 3455 698 3540 viaticum,

262 3595 359 3659 quum
375 3569 530 3633 liberatur
547 3565 652 3632 anima
669 3571 814 3655 eorporis
832 3568 975 3636 vinculis.
