2582 4238
565 288 603 352 17

556 445 610 512 VI.

124 556 390 642 Dominusdeus,
407 556 461 643 qui
477 555 626 624 omnibus
643 563 692 622 est
708 556 834 632 clarior,

127 669 250 734 eaelum
266 671 301 733 et
317 653 437 733 terram
453 666 486 732 in
500 666 662 756 principio
678 667 809 741 creavit,

131 778 257 845 ornavit
272 778 306 844 id
320 789 373 844 ter
389 777 500 863 ternis,
599 813 603 821 ⁴

124 891 196 954 haee
211 898 368 956 ostreata
383 887 465 954 fides
480 909 562 974 mea,
579 887 968 977 angelorumiordinlbus3

123 998 215 1086 prius
231 1009 305 1064 erat
319 1008 438 1084 tamen,
454 1021 546 1086 oeque
563 1023 601 1066 ae
617 999 745 1083 exindo·
783 1013 785 1020 '

121 1109 287 1175 sufficiens
303 1109 374 1190 sibi,
390 1125 486 1198 qu'em
502 1121 653 1178 ereatura
668 1110 743 1188 luite

123 1220 201 1286 feeit
217 1221 372 1288 mundum
387 1221 736 1311 etsxtendittempus,
829 1237 833 1244 '

124 1331 219 1396 binos
236 1333 383 1419 aequales,
399 1331 432 1398 in
449 1337 507 1400 sut
521 1341 694 1421 potestate.

534 1525 605 1593 VII.

121 1659 254 1742 Potens,
271 1656 327 1745 qui
342 1656 470 1723 eunetis·
483 1657 692 1745 praeoellebat

122 1773 238 1834 nature
254 1780 287 1834 et
303 1768 450 1834 claritate
466 1773 534 1853 sut,

122 1891 251 1946 creatos
266 1881 370 1949 horus
387 1881 535 1968 fulgebat
549 1878 806 1965 magnificenter,

121 1989 260 2057 creatori
275 1990 442 2078 proximus
453 1991 582 2058 honore
597 2011 740 2071 summm
783 2056 785 2066 ,

120 2124 187 2167 non
203 2103 286 2166 bene
302 2110 374 2168 eret
388 2109 560 2172 contentus
599 2089 602 2096 Δ

120 2213 258 2301 angelus
274 2221 444 2300 potestate,
458 2233 556 2300 quem
572 2222 754 2300 irreperet,
825 2249 828 2257 .

121 2346 194 2387 oum
210 2321 364 2389 violentie
379 2335 539 2411 oeouper'e
555 2321 656 2392 voluit

119 2432 290 2499 celsiorem
306 2433 420 2500 sedem
431 2442 467 2500 et
480 2432 684 2522 dignitatem»
748 2499 751 2504 .

526 2626 611 2695 VIII.

120 2761 231 2850 cupiit
247 2761 368 2829 lerooit
382 2759 542 2831 aestuanti
569 2773 573 2780 '

119 2873 230 2939 similis
245 2872 317 2938 fieri
332 2893 532 2960 magnopere
547 2871 673 2958 potenti

119 2985 172 3050 dei
188 2983 356 3071 unigenito
372 2983 448 3068 filio,
464 2983 521 3050 sed
536 2981 653 3054 exinde

118 3094 179 3160 sibi
193 3095 264 3183 ipse
280 3094 453 3167 sufficiens,
470 3092 590 3161 nemini
606 3093 734 3164 cedere.

116 3206 255 3272 Foetida
271 3204 423 3292 superbia
438 3205 567 3272 omnino
581 3214 634 3270 est
758 3242 760 3252 ·

115 3314 318 3404 imprudens?
333 3313 415 3380 siout
432 3313 593 3401 scripture
609 3325 757 3396 testatur,

116 3436 235 3492 eontra
252 3425 349 3491 deum
364 3434 601 3514 praepotentem

115 3537 239 3603 viribus
255 3547 399 3620 certare;
424 3535 482 3602 sed
499 3538 661 3622 quomodo
675 3559 728 3604 res
746 3559 781 3602 se
794 3537 955 3604 hebebit?
