2582 4238
563 319 603 386 19

542 475 616 544 ΧΠ.

87 583 88 588 ’
127 589 185 656 llle
201 601 250 656 est
267 587 421 678 prodiens
437 589 534 656 homo
551 587 591 654 de
607 585 720 654 metris

127 702 269 789 pulvere,
285 708 319 765 et
334 708 444 766 temen
459 697 629 786 splendido
644 718 743 764 oerne
759 695 957 784 (preditus),

127 811 237 878 Adam
252 811 441 900 appellatus,
457 808 633 902 quiomnis
646 808 681 874 in
696 807 816 876 mundo

127 921 161 986 in
176 931 340 1010 potestate
355 921 476 998 hebuit,
492 920 525 986 in
539 919 690 986 libertate
706 929 740 986 ot
754 939 850 1008 pooo;

127 1057 258 1101 somnus
274 1033 470 1100 fundebatur
486 1030 631 1120 placidus
647 1051 745 1118 super
761 1031 848 1108 huno

128 1145 241 1211 mundi
254 1154 427 1218 rectorem,
444 1142 499 1230 qui
513 1151 626 1222 neotus
643 1151 693 1207 est
707 1140 882 1230 perspicax

127 1255 304 1343 ingenium,
321 1277 418 1344 quem
432 1263 546 1342 posteo
561 1253 826 1324 commonstravit

129 1366 338 1453 surgentibus
353 1364 543 1454 prophetiae
559 1363 676 1430 verbis.

548 1559 635 1628 XIH.

128 1693 280 1759 Educens
297 1693 456 1758 delatore
472 1691 594 1761 Adoml

128 1804 231 1870 Evam
245 1826 332 1890 mon,
348 1813 384 1872 ut
398 1803 528 1892 Moyses
545 1787 693 1888 testetur,

130 1915 347 1984 habitaculum
364 1937 436 1980 eum
452 1916 585 1990 honore,
600 1924 762 2004 potestate
776 1925 811 1980 et
827 1937 935 1983 umore
957 1975 959 1982 ,

131 2036 220 2105 corte
237 2026 326 2098 dedit
341 2025 380 2102 iis
395 2025 552 2100 Peredisi

129 2160 232 2226 usque
249 2160 312 2226 quo
328 2137 373 2203 illi
389 2161 462 2204 oum
478 2136 614 2226 engolis,

128 2251 191 2316 hoo
207 2258 258 2314 est
271 2249 380 2336 gratie
395 2248 547 2322 maximo!
571 2258 687 2338 posteo
701 2249 848 2318 viverent

129 2383 266 2426 unacum
282 2359 441 2448 progenie
457 2359 609 2426 universi
624 2383 666 2426 ex
681 2359 719 2428 iis
735 2361 898 2430 uueituri
955 2420 960 2428 .
1003 2423 1005 2428 ,

129 2473 161 2538 in
179 2483 358 2556 aeternum,
374 2482 407 2538 et
422 2472 547 2560 gratiss
562 2472 749 2540 redderent.
843 2515 845 2522 ·

508 2665 597 2734 XIV.

132 2796 201 2864 Sed
215 2808 250 2866 ut
266 2798 418 2872 meritum
435 2809 674 2886 cognoscerent
689 2798 721 2868 in
738 2804 838 2884 terr-t,

132 2932 196 2996 quo
211 2920 476 2996 promererentur
493 2911 656 2978 saelorum
670 2909 817 2998 gloriam,

131 3027 341 3109 praeceptum
356 3020 485 3087 unicum
501 3023 642 3088 clemens
658 3021 817 3088 Dominus

132 3128 221 3195 iubet
236 3128 273 3194 iis
288 3129 322 3193 in
338 3129 446 3198 offioio
462 3133 652 3202 observare:

133 3261 230 3327 pomo
246 3240 340 3307 unico
356 3250 431 3307 veto
447 3242 535 3308 vesei

132 3351 224 3417 vobis
239 3352 405 3434 ambobus,
420 3352 479 3418 sed
493 3375 555 3440 pro
571 3355 705 3422 arbitrio
721 3355 842 3441 agetis3

132 3461 323 3547 moriemini,
339 3462 447 3530 sinon
463 3464 711 3532 observaveritis

133 3572 270 3660 simplex
284 3574 470 3646 mundatum
486 3575 549 3642 fide
565 3580 656 3663 pure
