2582 4238
541 307 585 372 25

401 449 403 456 '
518 465 627 531 XXX.

123 574 314 642 Sciscitatur
330 584 417 648 tune,
434 577 596 662 quomodo

123 685 195 752 Sibi
211 685 362 750 obveniat
377 685 499 751 laetitia
514 689 604 760 haee,

120 797 353 862 munimentum
372 807 409 862 ut
426 797 646 886 disrumpatur
661 801 773 868 nullibi

116 907 339 974 habitaculum
355 929 487 974 servans
503 909 660 976 eastitatis
676 912 853 979 virtutum?

116 1018 271 1106 Angelus
285 1019 470 1106 respondit:
495 1043 561 1087 nun
575 1022 644 1087 lore
660 1035 868 1110 peccaturam

115 1131 281 1218 virginem
297 1132 422 1216 almam,
439 1155 513 1228 nam
527 1155 664 1220 puerum
679 1136 796 1202 condet

117 1251 194 1330 apta
211 1242 361 1308 formatio
378 1243 481 1308 sancti
497 1241 647 1331 Spiritus,

117 1375 252 1418 earnem
268 1364 302 1418 et
318 1377 391 1419 ossa
407 1355 447 1419 de
464 1377 602 1444 corpore
617 1380 709 1444 puro.

510 1549 634 1614 XXXI.

122 1675 214 1742 Caeli
228 1700 339 1745 omnes
356 1681 475 1746 lumine
490 1680 673 1769 implentur,

119 1813 221 1876 aquae
238 1801 272 1855 et
287 1801 375 1856 terra
391 1792 613 1870 constiterunt,
629 1807 662 1860 et
679 1796 887 1870 admirantur,

118 1900 242 1966 afflicta
257 1901 329 1988 ipsa
344 1911 379 1966 ut
394 1925 498 1991 paene
514 1905 591 1970 satis
629 1930 633 1939 ·

117 2023 235 2077 natura
251 2035 285 2078 se
302 2035 368 2080 nnn
383 2024 597 2102 temperarem

111 2125 319 2210 jungebatur
336 2125 442 2190 anime
458 2125 563 2192 divino
579 2128 711 2200 numini,
768 2135 775 2150 ⁰

115 2238 205 2300 bono
221 2235 416 2302 induebatur
432 2236 553 2302 Mariae
570 2239 738 2325 sanguine,

114 2350 222 2412 laetae
238 2357 384 2416 moratur
398 2348 432 2412 in
447 2348 582 2436 virginis
598 2350 774 2416 visceribus

114 2483 183 2523 una
198 2480 339 2544 persona
354 2468 467 2532 ternae
483 2459 704 2526 distinctionis.

524 2653 663 2722 XXXII.

114 2785 232 2851 Corda
248 2787 473 2862 confiteantur,
490 2785 618 2852 decidat
634 2798 666 2851 et
680 2788 818 2874 profluat

112 2897 260 2964 laetitiae
276 2899 347 2964 fons
365 2898 405 2962 de
422 2897 574 2986 cuiusque
590 2898 728 2962 hominis
743 2901 855 2976 oeulis,

114 3031 249 3096 semper
264 3007 389 3094 gratias
405 3031 508 3095 agens
524 3031 583 3096 pro
599 3008 820 3076 misericordia
835 3016 963 3098 magud,

111 3121 161 3186 mi
177 3119 326 3197 Domine,
342 3120 375 3185 in
392 3121 464 3186 Tua
479 3120 713 3186 incarnatione!

111 3236 168 3299 Sit
186 3235 254 3295 Tibi
264 3235 366 3312 pensu
380 3254 447 3295 mun
461 3254 530 3294 vero
545 3238 711 3313 splendere,
828 3221 837 3229 ’

111 3352 239 3406 cauma
253 3347 321 3404 laur
335 3347 372 3404 ab
386 3345 525 3406 omnium
541 3346 662 3422 linquis,

111 3461 150 3517 in
166 3464 320 3518 anuum
336 3477 402 3517 enm
415 3457 545 3516 vietorib
559 3464 588 3516 et
602 3457 789 3525 bemibcdine,

111 3574 214 3629 honor
229 3577 258 3629 et
271 3575 403 3648 potestas
422 3573 487 3632 Tua
501 3587 653 3645 aramum
666 3569 840 3630 minuatur!

777 3677 798 3740 2
