2592 4242
565 339 607 404 23

135 609 244 697 Prope
260 617 293 673 et
309 608 423 696 procul
438 606 556 674 intuitu
570 606 752 696 perspicaci

135 720 287 786 ordinans
304 718 412 786 omnia
427 740 566 786 unacum
579 718 713 800 Filiofet
729 717 855 808 spirits

134 830 242 896 Patris
257 851 399 919 persona
414 829 533 915 angelo
549 828 677 896 cuidam

134 941 303 1031 negotium
317 940 459 1027 mandat,
475 940 528 1008 ills
544 963 622 1008 vero
638 943 814 1010 auscultat:

137 1055 250 1135 „Vola
266 1065 300 1120 et
316 1053 368 1119 dic
383 1052 506 1120 Mariae
522 1053 642 1141 virgini

134 1165 301 1253 egregiae,
317 1186 400 1252 quae
416 1164 494 1230 milri
509 1165 573 1232 erit
588 1187 694 1240 curae,

132 1299 240 1342 meum
256 1275 385 1341 unicum
399 1275 499 1342 filium
516 1298 648 1342 carnem
663 1275 731 1342 eius

133 1385 314 1452 obedientis
330 1385 411 1452 velle
427 1386 598 1454 candidam
613 1387 779 1454 induere“.

529 1581 637 1648 XXV.

132 1711 239 1778 Mater
255 1711 349 1779 nobis
365 1721 416 1780 ast
430 1711 535 1780 Maria
549 1714 640 1786 haec,
719 1763 722 1772 .

129 1822 324 1909 magnificus
338 1822 409 1909 flos,
425 1824 522 1912 plena
539 1823 676 1909 decoris,

128 1933 301 2020 splendida
315 1944 478 2022 tamquam
493 1935 593 2002 rubra
608 1957 693 2013 rosa,

128 2067 283 2112 crescens
300 2046 341 2112 ad
357 2045 446 2114 vivos
462 2044 586 2112 latices

125 2155 237 2224 Radix
252 2157 404 2244 fragrans
421 2155 619 2241 humilitatis,

124 2269 274 2354 flagrans
290 2277 359 2334 tota
375 2266 531 2334 castitatis
547 2267 671 2357 spiritu,

123 2378 238 2444 Deum
254 2401 365 2444 amans
381 2387 415 2443 et
430 2380 534 2446 bonos
549 2379 706 2454 homines,

123 2491 206 2556 Dee
218 2489 333 2556 offis
345 2489 379 2554 in
391 2489 571 2557 cirmtlbrrs
582 2491 709 2557 talibus

522 2683 643 2750 XXVI.

122 2816 259 2884 Nullam
274 2814 369 2882 video
385 2825 576 2884 terrestrem
592 2814 747 2902 linguam,

122 2929 216 2995 celse
232 2925 399 2992 stellarum
412 2926 584 3014 regionum

121 3035 285 3107 Domine!
310 3036 386 3103 Tibi
402 3059 484 3125 que,
498 3048 534 3104 ut
551 3037 687 3125 dignum
702 3049 797 3112 esset,

122 3148 326 3218 concinnare
342 3147 445 3236 possit
460 3171 591 3215 carmen
613 3159 758 3231 (versum
779 3150 1032 3232 intercalarem!

121 3263 178 3324 stt
196 3262 265 3322 mi
277 3261 380 3340 cleric
394 3281 461 3322 cam
475 3282 545 3324 vere
560 3266 726 3340 splendore,

121 3380 250 3437 sanata
265 3375 333 3434 laus
348 3375 386 3434 ab
402 3374 542 3436 manibus
557 3375 681 3454 linquis,

120 3487 159 3545 ia
175 3490 331 3544 aeternam
346 3503 413 3544 caan
427 3482 556 3544 violarit
571 3491 600 3544 et
613 3484 805 3553 amaeam,

120 3601 225 3658 honor
240 3602 268 3654 et
277 3601 412 3670 patratas
431 3597 496 3654 lica
511 3613 666 3670 nunquam
680 3595 850 3655 miscetur!
