<?xml version="1.0" encoding="UTF-8"?>
<!DOCTYPE html PUBLIC "-//W3C//DTD XHTML 1.0 Transitional//EN"
    "http://www.w3.org/TR/xhtml1/DTD/xhtml1-transitional.dtd">
<html xmlns="http://www.w3.org/1999/xhtml" xml:lang="en" lang="en">
 <head>
  <title>
</title>
<meta http-equiv="Content-Type" content="text/html;charset=utf-8" />
  <meta name='ocr-system' content='tesseract 3.04.00' />
  <meta name='ocr-capabilities' content='ocr_page ocr_carea ocr_par ocr_line ocrx_word'/>
</head>
<body>
  <div class='ocr_page' id='page_1' title='image "./lilium00sggoog_0015.png"; bbox 0 0 2582 4238; ppageno 0'>
   <div class='ocr_carea' id='block_1_1' title="bbox 693 307 737 372">
    <p class='ocr_par' dir='ltr' id='par_1_1' title="bbox 693 307 737 372">
     <span class='ocr_line' id='line_1_1' title="bbox 693 307 737 372; baseline 0.045 -2"><span class='ocrx_word' id='word_1_1' title='bbox 693 307 737 372; x_wconf 88' lang='lat'><strong>10</strong></span> 
     </span>
    </p>
   </div>
   <div class='ocr_carea' id='block_1_2' title="bbox 259 461 1168 2326">
    <p class='ocr_par' dir='ltr' id='par_1_2' title="bbox 259 461 1168 777">
     <span class='ocr_line' id='line_1_2' title="bbox 259 461 1168 549; baseline -0.006 -17"><span class='ocrx_word' id='word_1_2' title='bbox 259 480 323 543; x_wconf 88' lang='lat' dir='ltr'><strong>ret,</strong></span> <span class='ocrx_word' id='word_1_3' title='bbox 351 488 422 533; x_wconf 91' lang='lat' dir='ltr'><strong>eam</strong></span> <span class='ocrx_word' id='word_1_4' title='bbox 455 465 590 532; x_wconf 87' lang='lat' dir='ltr'><strong>elevavit</strong></span> <span class='ocrx_word' id='word_1_5' title='bbox 625 485 723 549; x_wconf 89' lang='lat' dir='ltr'><strong>supra</strong></span> <span class='ocrx_word' id='word_1_6' title='bbox 754 461 998 537; x_wconf 85' lang='lat' dir='ltr'><strong>humanitatem,</strong></span> <span class='ocrx_word' id='word_1_7' title='bbox 1028 481 1168 547; x_wconf 84' lang='lat' dir='ltr'><strong>eamque</strong></span> 
     </span>
     <span class='ocr_line' id='line_1_3' title="bbox 260 573 1167 661; baseline -0.009 -15"><span class='ocrx_word' id='word_1_8' title='bbox 260 577 468 646; x_wconf 78' lang='lat' dir='ltr'><strong>circumdedit</strong></span> <span class='ocrx_word' id='word_1_9' title='bbox 478 575 585 644; x_wconf 87' lang='lat' dir='ltr'><strong>nimbo</strong></span> <span class='ocrx_word' id='word_1_10' title='bbox 596 575 740 651; x_wconf 84' lang='lat' dir='ltr'><strong>coelesti,</strong></span> <span class='ocrx_word' id='word_1_11' title='bbox 752 576 850 639; x_wconf 84' lang='lat' dir='ltr'><strong>multo</strong></span> <span class='ocrx_word' id='word_1_12' title='bbox 861 573 965 661; x_wconf 77' lang='lat' dir='ltr'><strong>magis</strong></span> <span class='ocrx_word' id='word_1_13' title='bbox 974 573 1167 658; x_wconf 78' lang='lat' dir='ltr'><strong>splendente</strong></span> 
     </span>
     <span class='ocr_line' id='line_1_4' title="bbox 262 688 832 777; baseline -0.004 -23"><span class='ocrx_word' id='word_1_14' title='bbox 262 709 355 776; x_wconf 72' lang='lat' dir='ltr'><strong>quem</strong></span> <span class='ocrx_word' id='word_1_15' title='bbox 370 689 475 777; x_wconf 84' lang='lat' dir='ltr'><strong>gloria</strong></span> <span class='ocrx_word' id='word_1_16' title='bbox 492 688 632 760; x_wconf 89' lang='lat' dir='ltr'><strong>omnium</strong></span> <span class='ocrx_word' id='word_1_17' title='bbox 648 699 832 772; x_wconf 83' lang='lat' dir='ltr'><strong>martyrum.</strong></span> 
     </span>
    </p>

    <p class='ocr_par' dir='ltr' id='par_1_3' title="bbox 260 797 1168 2326">
     <span class='ocr_line' id='line_1_5' title="bbox 352 797 1167 880; baseline -0.006 -16"><span class='ocrx_word' id='word_1_18' title='bbox 352 801 443 878; x_wconf 85' lang='lat' dir='ltr'><strong>Quod</strong></span> <span class='ocrx_word' id='word_1_19' title='bbox 459 797 489 864; x_wconf 89' lang='lat' dir='ltr'><strong>si</strong></span> <span class='ocrx_word' id='word_1_20' title='bbox 502 801 614 865; x_wconf 85' lang='lat' dir='ltr'><strong>Jesum</strong></span> <span class='ocrx_word' id='word_1_21' title='bbox 626 797 788 864; x_wconf 80' lang='lat' dir='ltr'>Christum</span> <span class='ocrx_word' id='word_1_22' title='bbox 797 797 998 864; x_wconf 85' lang='lat' dir='ltr'><strong>solummodo</strong></span> <span class='ocrx_word' id='word_1_23' title='bbox 1007 806 1167 880; x_wconf 58' lang='lat' dir='ltr'><strong>¹tauquam</strong></span> 
     </span>
     <span class='ocr_line' id='line_1_6' title="bbox 260 905 1166 993; baseline -0.009 -15"><span class='ocrx_word' id='word_1_24' title='bbox 260 912 423 978; x_wconf 88' lang='lat' dir='ltr'><strong>homiuem</strong></span> <span class='ocrx_word' id='word_1_25' title='bbox 439 910 636 980; x_wconf 84' lang='lat' dir='ltr'><strong>ordinarium</strong></span> <span class='ocrx_word' id='word_1_26' title='bbox 645 919 841 993; x_wconf 84' lang='lat' dir='ltr'><strong>reputamus,</strong></span> <span class='ocrx_word' id='word_1_27' title='bbox 856 907 994 993; x_wconf 83' lang='lat' dir='ltr'><strong>ideoque</strong></span> <span class='ocrx_word' id='word_1_28' title='bbox 1018 927 1079 972; x_wconf 88' lang='lat' dir='ltr'><strong>uee</strong></span> <span class='ocrx_word' id='word_1_29' title='bbox 1098 905 1166 970; x_wconf 51' lang='lat' dir='ltr'><strong>¹sal·</strong></span> 
     </span>
     <span class='ocr_line' id='line_1_7' title="bbox 261 1016 1167 1108; baseline -0.007 -20"><span class='ocrx_word' id='word_1_30' title='bbox 261 1033 405 1088; x_wconf 86' lang='lat' dir='ltr'><strong>vatorem</strong></span> <span class='ocrx_word' id='word_1_31' title='bbox 421 1043 523 1108; x_wconf 89' lang='lat' dir='ltr'><strong>ueque</strong></span> <span class='ocrx_word' id='word_1_32' title='bbox 539 1020 759 1096; x_wconf 78' lang='lat' dir='ltr'><strong>mediatorem,</strong></span> <span class='ocrx_word' id='word_1_33' title='bbox 775 1019 956 1084; x_wconf 82' lang='lat' dir='ltr'><strong>Marianon</strong></span> <span class='ocrx_word' id='word_1_34' title='bbox 972 1039 1070 1102; x_wconf 87' lang='lat' dir='ltr'><strong>supra</strong></span> <span class='ocrx_word' id='word_1_35' title='bbox 1086 1016 1167 1082; x_wconf 83' lang='lat' dir='ltr'><strong>alias</strong></span> 
     </span>
     <span class='ocr_line' id='line_1_8' title="bbox 263 1128 1165 1219; baseline -0.007 -20"><span class='ocrx_word' id='word_1_36' title='bbox 263 1133 397 1199; x_wconf 87' lang='lat' dir='ltr'><strong>seminas</strong></span> <span class='ocrx_word' id='word_1_37' title='bbox 414 1144 568 1219; x_wconf 83' lang='lat' dir='ltr'><strong>emerget.</strong></span> <span class='ocrx_word' id='word_1_38' title='bbox 594 1133 659 1196; x_wconf 81' lang='lat' dir='ltr'><strong>Sed</strong></span> <span class='ocrx_word' id='word_1_39' title='bbox 675 1131 703 1196; x_wconf 92' lang='lat' dir='ltr'><strong>si</strong></span> <span class='ocrx_word' id='word_1_40' title='bbox 720 1130 880 1197; x_wconf 85' lang='lat' dir='ltr'><strong>eredimus</strong></span> <span class='ocrx_word' id='word_1_41' title='bbox 896 1130 928 1198; x_wconf 87' lang='lat' dir='ltr'><strong>in</strong></span> <span class='ocrx_word' id='word_1_42' title='bbox 943 1131 1056 1196; x_wconf 85' lang='lat' dir='ltr'><strong>Jesum</strong></span> <span class='ocrx_word' id='word_1_43' title='bbox 1073 1128 1165 1195; x_wconf 85' lang='lat' dir='ltr'><strong>Chri·</strong></span> 
     </span>
     <span class='ocr_line' id='line_1_9' title="bbox 263 1241 1165 1318; baseline -0.006 -8"><span class='ocrx_word' id='word_1_44' title='bbox 263 1257 348 1310; x_wconf 78' lang='lat' dir='ltr'><strong>surm</strong></span> <span class='ocrx_word' id='word_1_45' title='bbox 363 1243 423 1309; x_wconf 86' lang='lat' dir='ltr'><strong>Dei</strong></span> <span class='ocrx_word' id='word_1_46' title='bbox 438 1242 546 1318; x_wconf 87' lang='lat' dir='ltr'><strong>filium,</strong></span> <span class='ocrx_word' id='word_1_47' title='bbox 562 1242 726 1308; x_wconf 87' lang='lat' dir='ltr'><strong>hominum</strong></span> <span class='ocrx_word' id='word_1_48' title='bbox 741 1243 935 1308; x_wconf 83' lang='lat' dir='ltr'><strong>salvatorem</strong></span> <span class='ocrx_word' id='word_1_49' title='bbox 955 1241 1165 1306; x_wconf 77' lang='lat' dir='ltr'><strong>etrademto·</strong></span> 
     </span>
     <span class='ocr_line' id='line_1_10' title="bbox 262 1351 1166 1440; baseline -0.002 -22"><span class='ocrx_word' id='word_1_50' title='bbox 262 1377 343 1429; x_wconf 85' lang='lat' dir='ltr'><strong>rem,</strong></span> <span class='ocrx_word' id='word_1_51' title='bbox 368 1355 452 1440; x_wconf 86' lang='lat' dir='ltr'><strong>quod</strong></span> <span class='ocrx_word' id='word_1_52' title='bbox 467 1375 544 1420; x_wconf 87' lang='lat' dir='ltr'><strong>vere</strong></span> <span class='ocrx_word' id='word_1_53' title='bbox 567 1367 627 1428; x_wconf 84' lang='lat' dir='ltr'><strong>est,</strong></span> <span class='ocrx_word' id='word_1_54' title='bbox 652 1356 784 1419; x_wconf 86' lang='lat' dir='ltr'><strong>credere</strong></span> <span class='ocrx_word' id='word_1_55' title='bbox 809 1351 905 1418; x_wconf 83' lang='lat' dir='ltr'><strong>etiam</strong></span> <span class='ocrx_word' id='word_1_56' title='bbox 925 1353 1079 1418; x_wconf 87' lang='lat' dir='ltr'><strong>debemus</strong></span> <span class='ocrx_word' id='word_1_57' title='bbox 1099 1351 1166 1416; x_wconf 84' lang='lat' dir='ltr'><strong>Ma·</strong></span> 
     </span>
     <span class='ocr_line' id='line_1_11' title="bbox 262 1462 1167 1558; baseline -0.004 -29"><span class='ocrx_word' id='word_1_58' title='bbox 262 1464 344 1530; x_wconf 86' lang='lat' dir='ltr'><strong>riam</strong></span> <span class='ocrx_word' id='word_1_59' title='bbox 361 1486 434 1530; x_wconf 87' lang='lat' dir='ltr'><strong>esse</strong></span> <span class='ocrx_word' id='word_1_60' title='bbox 449 1464 620 1558; x_wconf 75' lang='lat' dir='ltr'><strong>praecipue</strong></span> <span class='ocrx_word' id='word_1_61' title='bbox 632 1463 861 1530; x_wconf 83' lang='lat' dir='ltr'><strong>sanctificatam</strong></span> <span class='ocrx_word' id='word_1_62' title='bbox 877 1484 935 1548; x_wconf 87' lang='lat' dir='ltr'><strong>per</strong></span> <span class='ocrx_word' id='word_1_63' title='bbox 944 1463 1048 1527; x_wconf 91' lang='lat' dir='ltr'><strong>Deum</strong></span> <span class='ocrx_word' id='word_1_64' title='bbox 1064 1462 1167 1526; x_wconf 88' lang='lat' dir='ltr'><strong>omui·</strong></span> 
     </span>
     <span class='ocr_line' id='line_1_12' title="bbox 264 1572 1167 1661; baseline -0.004 -21"><span class='ocrx_word' id='word_1_65' title='bbox 264 1587 435 1660; x_wconf 84' lang='lat' dir='ltr'><strong>potentem.</strong></span> <span class='ocrx_word' id='word_1_66' title='bbox 467 1576 539 1642; x_wconf 91' lang='lat' dir='ltr'><strong>Nou</strong></span> <span class='ocrx_word' id='word_1_67' title='bbox 562 1597 735 1661; x_wconf 86' lang='lat' dir='ltr'><strong>possumus</strong></span> <span class='ocrx_word' id='word_1_68' title='bbox 757 1595 827 1640; x_wconf 88' lang='lat' dir='ltr'><strong>eam</strong></span> <span class='ocrx_word' id='word_1_69' title='bbox 850 1575 1010 1659; x_wconf 85' lang='lat' dir='ltr'><strong>appellare</strong></span> <span class='ocrx_word' id='word_1_70' title='bbox 1025 1572 1167 1658; x_wconf 73' lang='lat' dir='ltr'><strong>pulchri·</strong></span> 
     </span>
     <span class='ocr_line' id='line_1_13' title="bbox 263 1685 1168 1773; baseline 0 -23"><span class='ocrx_word' id='word_1_71' title='bbox 263 1685 313 1750; x_wconf 89' lang='lat' dir='ltr'><strong>ori</strong></span> <span class='ocrx_word' id='word_1_72' title='bbox 338 1687 466 1754; x_wconf 86' lang='lat' dir='ltr'><strong>nomine</strong></span> <span class='ocrx_word' id='word_1_73' title='bbox 494 1707 587 1773; x_wconf 83' lang='lat' dir='ltr'><strong>quam</strong></span> <span class='ocrx_word' id='word_1_74' title='bbox 618 1686 782 1773; x_wconf 78' lang='lat' dir='ltr'>Virginis,</span> <span class='ocrx_word' id='word_1_75' title='bbox 815 1685 887 1771; x_wconf 88' lang='lat' dir='ltr'><strong>quia</strong></span> <span class='ocrx_word' id='word_1_76' title='bbox 911 1685 945 1750; x_wconf 90' lang='lat' dir='ltr'><strong>in</strong></span> <span class='ocrx_word' id='word_1_77' title='bbox 975 1686 1039 1750; x_wconf 88' lang='lat' dir='ltr'><strong>hoe</strong></span> <span class='ocrx_word' id='word_1_78' title='bbox 1073 1685 1168 1768; x_wconf 83' lang='lat' dir='ltr'><strong>lapso</strong></span> 
     </span>
     <span class='ocr_line' id='line_1_14' title="bbox 263 1793 1168 1886; baseline -0.004 -24"><span class='ocrx_word' id='word_1_79' title='bbox 263 1800 381 1864; x_wconf 86' lang='lat' dir='ltr'><strong>mundo</strong></span> <span class='ocrx_word' id='word_1_80' title='bbox 397 1798 565 1886; x_wconf 81' lang='lat' dir='ltr'><strong>virginitas</strong></span> <span class='ocrx_word' id='word_1_81' title='bbox 583 1810 634 1862; x_wconf 88' lang='lat' dir='ltr'><strong>est</strong></span> <span class='ocrx_word' id='word_1_82' title='bbox 649 1797 862 1881; x_wconf 82' lang='lat' dir='ltr'><strong>pulcherrima</strong></span> <span class='ocrx_word' id='word_1_83' title='bbox 877 1797 938 1862; x_wconf 87' lang='lat' dir='ltr'><strong>flos</strong></span> <span class='ocrx_word' id='word_1_84' title='bbox 953 1793 1168 1862; x_wconf 74' lang='lat' dir='ltr'><strong>innocentiae.</strong></span> 
     </span>
     <span class='ocr_line' id='line_1_15' title="bbox 263 1906 1164 1991; baseline -0.006 -17"><span class='ocrx_word' id='word_1_85' title='bbox 263 1907 364 1974; x_wconf 84' lang='lat' dir='ltr'><strong>Maria</strong></span> <span class='ocrx_word' id='word_1_86' title='bbox 394 1921 499 1972; x_wconf 84' lang='lat' dir='ltr'><strong>autem</strong></span> <span class='ocrx_word' id='word_1_87' title='bbox 527 1920 579 1972; x_wconf 87' lang='lat' dir='ltr'><strong>est</strong></span> <span class='ocrx_word' id='word_1_88' title='bbox 609 1921 739 1982; x_wconf 84' lang='lat' dir='ltr'><strong>sancta,</strong></span> <span class='ocrx_word' id='word_1_89' title='bbox 771 1928 851 1991; x_wconf 85' lang='lat' dir='ltr'><strong>pura</strong></span> <span class='ocrx_word' id='word_1_90' title='bbox 882 1919 914 1972; x_wconf 90' lang='lat' dir='ltr'><strong>et</strong></span> <span class='ocrx_word' id='word_1_91' title='bbox 940 1906 1011 1973; x_wconf 90' lang='lat' dir='ltr'><strong>sine</strong></span> <span class='ocrx_word' id='word_1_92' title='bbox 1037 1906 1164 1970; x_wconf 87' lang='lat' dir='ltr'><strong>macula</strong></span> 
     </span>
     <span class='ocr_line' id='line_1_16' title="bbox 264 2014 1168 2093; baseline 0.002 -13"><span class='ocrx_word' id='word_1_93' title='bbox 264 2029 296 2080; x_wconf 84' lang='lat' dir='ltr'><strong>et</strong></span> <span class='ocrx_word' id='word_1_94' title='bbox 317 2030 421 2082; x_wconf 85' lang='lat' dir='ltr'><strong>tamen</strong></span> <span class='ocrx_word' id='word_1_95' title='bbox 446 2028 564 2089; x_wconf 89' lang='lat' dir='ltr'><strong>mater;</strong></span> <span class='ocrx_word' id='word_1_96' title='bbox 594 2029 628 2082; x_wconf 88' lang='lat' dir='ltr'><strong>ut</strong></span> <span class='ocrx_word' id='word_1_97' title='bbox 654 2029 755 2082; x_wconf 86' lang='lat' dir='ltr'><strong>mater</strong></span> <span class='ocrx_word' id='word_1_98' title='bbox 783 2017 916 2093; x_wconf 83' lang='lat' dir='ltr'><strong>Christi,</strong></span> <span class='ocrx_word' id='word_1_99' title='bbox 939 2016 1078 2083; x_wconf 72' lang='lat' dir='ltr'><strong>hominis</strong></span> <span class='ocrx_word' id='word_1_100' title='bbox 1101 2014 1168 2083; x_wconf 72' lang='lat' dir='ltr'><strong>uua</strong></span> 
     </span>
     <span class='ocr_line' id='line_1_17' title="bbox 264 2127 1167 2213; baseline 0 -21"><span class='ocrx_word' id='word_1_101' title='bbox 264 2140 297 2192; x_wconf 92' lang='lat' dir='ltr'><strong>et</strong></span> <span class='ocrx_word' id='word_1_102' title='bbox 311 2127 382 2201; x_wconf 83' lang='lat' dir='ltr'><strong>Dei,</strong></span> <span class='ocrx_word' id='word_1_103' title='bbox 398 2139 448 2192; x_wconf 87' lang='lat' dir='ltr'><strong>est</strong></span> <span class='ocrx_word' id='word_1_104' title='bbox 462 2149 525 2193; x_wconf 90' lang='lat' dir='ltr'><strong>uuo</strong></span> <span class='ocrx_word' id='word_1_105' title='bbox 547 2128 723 2213; x_wconf 86' lang='lat' dir='ltr'><strong>eodemque</strong></span> <span class='ocrx_word' id='word_1_106' title='bbox 741 2141 885 2213; x_wconf 87' lang='lat' dir='ltr'><strong>tempore</strong></span> <span class='ocrx_word' id='word_1_107' title='bbox 905 2141 1007 2194; x_wconf 89' lang='lat' dir='ltr'><strong>mater</strong></span> <span class='ocrx_word' id='word_1_108' title='bbox 1026 2127 1167 2192; x_wconf 84' lang='lat' dir='ltr'><strong>hominis</strong></span> 
     </span>
     <span class='ocr_line' id='line_1_18' title="bbox 264 2236 1168 2326; baseline 0 -24"><span class='ocrx_word' id='word_1_109' title='bbox 264 2250 297 2302; x_wconf 89' lang='lat' dir='ltr'><strong>et</strong></span> <span class='ocrx_word' id='word_1_110' title='bbox 318 2249 420 2302; x_wconf 88' lang='lat' dir='ltr'><strong>meter</strong></span> <span class='ocrx_word' id='word_1_111' title='bbox 435 2236 506 2303; x_wconf 91' lang='lat' dir='ltr'><strong>Dei.</strong></span> <span class='ocrx_word' id='word_1_112' title='bbox 523 2239 608 2310; x_wconf 84' lang='lat' dir='ltr'><strong>,Hoc</strong></span> <span class='ocrx_word' id='word_1_113' title='bbox 623 2251 677 2304; x_wconf 88' lang='lat' dir='ltr'><strong>est</strong></span> <span class='ocrx_word' id='word_1_114' title='bbox 702 2259 854 2326; x_wconf 81' lang='lat' dir='ltr'><strong>maguum</strong></span> <span class='ocrx_word' id='word_1_115' title='bbox 874 2239 949 2304; x_wconf 85' lang='lat' dir='ltr'><strong>illud</strong></span> <span class='ocrx_word' id='word_1_116' title='bbox 969 2237 1168 2323; x_wconf 75' lang='lat' dir='ltr'><strong>mysterium,</strong></span> 
     </span>
    </p>
   </div>
   <div class='ocr_carea' id='block_1_3' title="bbox 265 2347 1166 2436">
    <p class='ocr_par' dir='ltr' id='par_1_4' title="bbox 265 2345 1274 2442">
     <span class='ocr_line' id='line_1_19' title="bbox 265 2347 1166 2436; baseline 0.005 -27"><span class='ocrx_word' id='word_1_117' title='bbox 265 2347 349 2431; x_wconf 89' lang='lat' dir='ltr'><strong>quod</strong></span> <span class='ocrx_word' id='word_1_118' title='bbox 358 2347 529 2410; x_wconf 85' lang='lat' dir='ltr'><strong>humanum</strong></span> <span class='ocrx_word' id='word_1_119' title='bbox 539 2368 673 2414; x_wconf 84' lang='lat' dir='ltr'><strong>acumen</strong></span> <span class='ocrx_word' id='word_1_120' title='bbox 684 2370 843 2436; x_wconf 87' lang='lat' dir='ltr'><strong>nunquam</strong></span> <span class='ocrx_word' id='word_1_121' title='bbox 857 2361 1027 2435; x_wconf 83' lang='lat' dir='ltr'><strong>penetrare</strong></span> <span class='ocrx_word' id='word_1_122' title='bbox 1040 2348 1166 2422; x_wconf 76' lang='lat' dir='ltr'><strong>valebit,</strong></span> 
     </span>
    </p>
   </div>
   <div class='ocr_carea' id='block_1_4' title="bbox 244 2457 1167 2986">
    <p class='ocr_par' dir='ltr' id='par_1_5' title="bbox 244 2457 1165 2542">
     <span class='ocr_line' id='line_1_20' title="bbox 244 2457 1165 2542; baseline 0 -20"><span class='ocrx_word' id='word_1_123' title='bbox 244 2458 324 2522; x_wconf 83' lang='lat' dir='ltr'><strong>¹sed</strong></span> <span class='ocrx_word' id='word_1_124' title='bbox 341 2458 426 2542; x_wconf 91' lang='lat' dir='ltr'><strong>quod</strong></span> <span class='ocrx_word' id='word_1_125' title='bbox 441 2470 546 2523; x_wconf 85' lang='lat' dir='ltr'><strong>tamen</strong></span> <span class='ocrx_word' id='word_1_126' title='bbox 567 2457 600 2523; x_wconf 88' lang='lat' dir='ltr'><strong>iu</strong></span> <span class='ocrx_word' id='word_1_127' title='bbox 622 2481 697 2526; x_wconf 88' lang='lat' dir='ltr'><strong>sese</strong></span> <span class='ocrx_word' id='word_1_128' title='bbox 718 2460 861 2526; x_wconf 84' lang='lat' dir='ltr'><strong>eontinet</strong></span> <span class='ocrx_word' id='word_1_129' title='bbox 880 2459 1103 2528; x_wconf 80' lang='lat' dir='ltr'><strong>refutationem</strong></span> <span class='ocrx_word' id='word_1_130' title='bbox 1115 2478 1165 2522; x_wconf 80' lang='lat' dir='ltr'><strong>ra·</strong></span> 
     </span>
    </p>

    <p class='ocr_par' dir='ltr' id='par_1_6' title="bbox 264 2566 1167 2986">
     <span class='ocr_line' id='line_1_21' title="bbox 264 2566 1167 2656; baseline 0.003 -26"><span class='ocrx_word' id='word_1_131' title='bbox 264 2566 436 2632; x_wconf 85' lang='lat' dir='ltr'><strong>tionalismi</strong></span> <span class='ocrx_word' id='word_1_132' title='bbox 461 2581 648 2636; x_wconf 84' lang='lat' dir='ltr'><strong>nostrorum</strong></span> <span class='ocrx_word' id='word_1_133' title='bbox 680 2583 878 2656; x_wconf 68' lang='lat' dir='ltr'><strong>temporum</strong></span> <span class='ocrx_word' id='word_1_134' title='bbox 912 2570 1053 2654; x_wconf 84' lang='lat' dir='ltr'><strong>probans</strong></span> <span class='ocrx_word' id='word_1_135' title='bbox 1081 2568 1167 2634; x_wconf 86' lang='lat' dir='ltr'><strong>euim</strong></span> 
     </span>
     <span class='ocr_line' id='line_1_22' title="bbox 264 2677 1166 2767; baseline 0.006 -25"><span class='ocrx_word' id='word_1_136' title='bbox 264 2677 396 2744; x_wconf 87' lang='lat' dir='ltr'><strong>Mariam</strong></span> <span class='ocrx_word' id='word_1_137' title='bbox 411 2700 483 2744; x_wconf 87' lang='lat' dir='ltr'><strong>esse</strong></span> <span class='ocrx_word' id='word_1_138' title='bbox 497 2693 686 2765; x_wconf 87' lang='lat' dir='ltr'><strong>conceptam</strong></span> <span class='ocrx_word' id='word_1_139' title='bbox 702 2682 771 2746; x_wconf 89' lang='lat' dir='ltr'><strong>sine</strong></span> <span class='ocrx_word' id='word_1_140' title='bbox 782 2693 928 2767; x_wconf 83' lang='lat' dir='ltr'><strong>peceato,</strong></span> <span class='ocrx_word' id='word_1_141' title='bbox 943 2680 1055 2745; x_wconf 83' lang='lat' dir='ltr'><strong>Jesum</strong></span> <span class='ocrx_word' id='word_1_142' title='bbox 1070 2679 1166 2747; x_wconf 86' lang='lat' dir='ltr'><strong>etiam</strong></span> 
     </span>
     <span class='ocr_line' id='line_1_23' title="bbox 265 2789 1165 2877; baseline 0.008 -25"><span class='ocrx_word' id='word_1_143' title='bbox 265 2809 329 2852; x_wconf 90' lang='lat' dir='ltr'><strong>non</strong></span> <span class='ocrx_word' id='word_1_144' title='bbox 346 2789 622 2856; x_wconf 88' lang='lat' dir='ltr'><strong>solumhominem</strong></span> <span class='ocrx_word' id='word_1_145' title='bbox 638 2812 712 2856; x_wconf 89' lang='lat' dir='ltr'><strong>esse</strong></span> <span class='ocrx_word' id='word_1_146' title='bbox 729 2792 798 2858; x_wconf 88' lang='lat' dir='ltr'><strong>aine</strong></span> <span class='ocrx_word' id='word_1_147' title='bbox 814 2804 948 2877; x_wconf 86' lang='lat' dir='ltr'><strong>peceato</strong></span> <span class='ocrx_word' id='word_1_148' title='bbox 964 2803 1165 2876; x_wconf 76' lang='lat' dir='ltr'><strong>conceptum,</strong></span> 
     </span>
     <span class='ocr_line' id='line_1_24' title="bbox 266 2899 1097 2986; baseline 0 -21"><span class='ocrx_word' id='word_1_149' title='bbox 266 2900 323 2965; x_wconf 82' lang='lat' dir='ltr'><strong>sed</strong></span> <span class='ocrx_word' id='word_1_150' title='bbox 339 2899 433 2964; x_wconf 86' lang='lat' dir='ltr'><strong>etiam</strong></span> <span class='ocrx_word' id='word_1_151' title='bbox 449 2920 525 2965; x_wconf 88' lang='lat' dir='ltr'><strong>vere</strong></span> <span class='ocrx_word' id='word_1_152' title='bbox 541 2901 644 2966; x_wconf 88' lang='lat' dir='ltr'><strong>Deum</strong></span> <span class='ocrx_word' id='word_1_153' title='bbox 659 2903 776 2986; x_wconf 85' lang='lat' dir='ltr'><strong>prohat</strong></span> <span class='ocrx_word' id='word_1_154' title='bbox 791 2915 824 2968; x_wconf 89' lang='lat' dir='ltr'><strong>et</strong></span> <span class='ocrx_word' id='word_1_155' title='bbox 839 2905 1039 2970; x_wconf 84' lang='lat' dir='ltr'><strong>demonstrat</strong></span> <span class='ocrx_word' id='word_1_156' title='bbox 1054 2901 1097 2982; x_wconf 85' lang='grc'><strong>*).</strong></span> 
     </span>
    </p>
   </div>
   <div class='ocr_carea' id='block_1_5' title="bbox 631 3093 809 3109">
    <p class='ocr_par' dir='ltr' id='par_1_7' title="bbox 631 3093 809 3109">
     <span class='ocr_line' id='line_1_25' title="bbox 631 3093 809 3109; baseline 0.022 -5"><span class='ocrx_word' id='word_1_157' title='bbox 631 3093 809 3109; x_wconf 48' lang='lat' dir='ltr'>w</span> 
     </span>
    </p>
   </div>
   <div class='ocr_carea' id='block_1_6' title="bbox 267 3232 1163 3432">
    <p class='ocr_par' dir='ltr' id='par_1_8' title="bbox 267 3232 1163 3432">
     <span class='ocr_line' id='line_1_26' title="bbox 354 3232 1162 3321; baseline 0 -21"><span class='ocrx_word' id='word_1_158' title='bbox 354 3237 468 3301; x_wconf 83' lang='lat' dir='ltr'><strong>Restat</strong></span> <span class='ocrx_word' id='word_1_159' title='bbox 491 3245 526 3298; x_wconf 90' lang='lat' dir='ltr'><strong>ut</strong></span> <span class='ocrx_word' id='word_1_160' title='bbox 546 3232 658 3318; x_wconf 84' lang='lat' dir='ltr'><strong>paucis</strong></span> <span class='ocrx_word' id='word_1_161' title='bbox 675 3234 715 3300; x_wconf 91' lang='lat' dir='ltr'><strong>de</strong></span> <span class='ocrx_word' id='word_1_162' title='bbox 730 3234 796 3302; x_wconf 88' lang='lat' dir='ltr'><strong>vita</strong></span> <span class='ocrx_word' id='word_1_163' title='bbox 811 3237 955 3304; x_wconf 83' lang='lat' dir='ltr'><strong>auctoris</strong></span> <span class='ocrx_word' id='word_1_164' title='bbox 970 3235 1066 3302; x_wconf 86' lang='lat' dir='ltr'><strong>huius</strong></span> <span class='ocrx_word' id='word_1_165' title='bbox 1086 3242 1162 3321; x_wconf 74' lang='lat' dir='ltr'><strong>poe·</strong></span> 
     </span>
     <span class='ocr_line' id='line_1_27' title="bbox 267 3344 1163 3432; baseline -0.008 -16"><span class='ocrx_word' id='word_1_166' title='bbox 267 3345 360 3416; x_wconf 84' lang='lat' dir='ltr'><strong>matis</strong></span> <span class='ocrx_word' id='word_1_167' title='bbox 390 3345 570 3412; x_wconf 83' lang='lat' dir='ltr'><strong>afferamus.</strong></span> <span class='ocrx_word' id='word_1_168' title='bbox 616 3344 742 3410; x_wconf 88' lang='lat' dir='ltr'><strong>Nomen</strong></span> <span class='ocrx_word' id='word_1_169' title='bbox 779 3347 809 3412; x_wconf 91' lang='lat' dir='ltr'><strong>ei</strong></span> <span class='ocrx_word' id='word_1_170' title='bbox 845 3361 915 3414; x_wconf 88' lang='lat' dir='ltr'><strong>erat</strong></span> <span class='ocrx_word' id='word_1_171' title='bbox 943 3347 1163 3432; x_wconf 81' lang='lat' dir='ltr'><strong>Eyateiun</strong></span> 
     </span>
    </p>
   </div>
   <div class='ocr_carea' id='block_1_7' title="bbox 354 3578 1000 3648">
    <p class='ocr_par' dir='ltr' id='par_1_9' title="bbox 354 3578 1000 3648">
     <span class='ocr_line' id='line_1_28' title="bbox 354 3578 1000 3648; baseline 0.002 -17"><span class='ocrx_word' id='word_1_172' title='bbox 354 3578 382 3646; x_wconf 80' lang='lat'><strong>¹⁸¹)</strong></span> <span class='ocrx_word' id='word_1_173' title='bbox 409 3579 471 3632; x_wconf 80' lang='lat' dir='ltr'><strong>vlt.</strong></span> <span class='ocrx_word' id='word_1_174' title='bbox 495 3581 567 3646; x_wconf 64' lang='lat' dir='ltr'><strong>Aug.</strong></span> <span class='ocrx_word' id='word_1_175' title='bbox 590 3579 716 3644; x_wconf 80' lang='lat' dir='ltr'><strong>Nioolaa,</strong></span> <span class='ocrx_word' id='word_1_176' title='bbox 733 3581 762 3635; x_wconf 85' lang='lat' dir='ltr'><strong>la</strong></span> <span class='ocrx_word' id='word_1_177' title='bbox 775 3582 873 3637; x_wconf 76' lang='lat' dir='ltr'><strong>sature</strong></span> <span class='ocrx_word' id='word_1_178' title='bbox 887 3579 1000 3648; x_wconf 68' lang='lat' dir='ltr'><strong>vierge.</strong></span> 
     </span>
    </p>
   </div>
   <div class='ocr_carea' id='block_1_8' title="bbox 0 0 1303 4238">
    <p class='ocr_par' dir='ltr' id='par_1_10' title="bbox 0 0 1303 4238">
     <span class='ocr_line' id='line_1_29' title="bbox 0 0 1303 4238; baseline 0 0"><span class='ocrx_word' id='word_1_179' title='bbox 0 0 1303 4238; x_wconf 95' lang='lat' dir='ltr'><strong> </strong></span> 
     </span>
    </p>
   </div>
  </div>
 </body>
</html>
