<?xml version="1.0" encoding="UTF-8"?>
<!DOCTYPE html PUBLIC "-//W3C//DTD XHTML 1.0 Transitional//EN"
    "http://www.w3.org/TR/xhtml1/DTD/xhtml1-transitional.dtd">
<html xmlns="http://www.w3.org/1999/xhtml" xml:lang="en" lang="en">
 <head>
  <title>
</title>
<meta http-equiv="Content-Type" content="text/html;charset=utf-8" />
  <meta name='ocr-system' content='tesseract 3.04.00' />
  <meta name='ocr-capabilities' content='ocr_page ocr_carea ocr_par ocr_line ocrx_word'/>
</head>
<body>
  <div class='ocr_page' id='page_1' title='image "./lilium00sggoog_0021.png"; bbox 0 0 2582 4238; ppageno 0'>
   <div class='ocr_carea' id='block_1_1' title="bbox 251 293 724 651">
    <p class='ocr_par' dir='ltr' id='par_1_1' title="bbox 251 293 724 651">
     <span class='ocr_line' id='line_1_1' title="bbox 682 293 722 356; baseline 0 0"><span class='ocrx_word' id='word_1_1' title='bbox 682 293 722 356; x_wconf 88' lang='lat'><strong>16</strong></span> 
     </span>
     <span class='ocr_line' id='line_1_2' title="bbox 559 419 724 515; baseline -0.012 -89"><span class='ocrx_word' id='word_1_2' title='bbox 559 419 561 426; x_wconf 80' lang='grc'>,</span> <span class='ocrx_word' id='word_1_3' title='bbox 671 449 724 515; x_wconf 41' lang='grc' dir='ltr'><strong>ΠΙ.</strong></span> 
     </span>
     <span class='ocr_line' id='line_1_3' title="bbox 251 562 693 651; baseline -0.011 -19"><span class='ocrx_word' id='word_1_4' title='bbox 251 562 320 632; x_wconf 90' lang='lat' dir='ltr'><strong>Oro</strong></span> <span class='ocrx_word' id='word_1_5' title='bbox 338 564 395 638; x_wconf 88' lang='lat' dir='ltr'><strong>Te,</strong></span> <span class='ocrx_word' id='word_1_6' title='bbox 410 563 515 651; x_wconf 84' lang='lat' dir='ltr'><strong>Virgo</strong></span> <span class='ocrx_word' id='word_1_7' title='bbox 532 572 566 628; x_wconf 90' lang='lat' dir='ltr'><strong>et</strong></span> <span class='ocrx_word' id='word_1_8' title='bbox 579 571 693 647; x_wconf 87' lang='lat' dir='ltr'><strong>mater,</strong></span> 
     </span>
    </p>
   </div>
   <div class='ocr_carea' id='block_1_2' title="bbox 248 671 985 874">
    <p class='ocr_par' dir='ltr' id='par_1_2' title="bbox 248 671 985 874">
     <span class='ocr_line' id='line_1_4' title="bbox 249 671 814 762; baseline -0.004 -24"><span class='ocrx_word' id='word_1_9' title='bbox 249 675 283 738; x_wconf 93' lang='lat' dir='ltr'><strong>in</strong></span> <span class='ocrx_word' id='word_1_10' title='bbox 298 696 371 740; x_wconf 90' lang='lat' dir='ltr'><strong>meo</strong></span> <span class='ocrx_word' id='word_1_11' title='bbox 387 673 502 759; x_wconf 84' lang='lat' dir='ltr'><strong>animo,</strong></span> <span class='ocrx_word' id='word_1_12' title='bbox 517 684 554 741; x_wconf 91' lang='lat' dir='ltr'><strong>ut</strong></span> <span class='ocrx_word' id='word_1_13' title='bbox 570 673 648 740; x_wconf 82' lang='lat' dir='ltr'><strong>Tuis</strong></span> <span class='ocrx_word' id='word_1_14' title='bbox 665 671 814 762; x_wconf 81' lang='lat' dir='ltr'><strong>auspiciis</strong></span> 
     </span>
     <span class='ocr_line' id='line_1_5' title="bbox 248 781 985 874; baseline -0.004 -23"><span class='ocrx_word' id='word_1_15' title='bbox 248 785 389 874; x_wconf 86' lang='lat' dir='ltr'><strong>profluat</strong></span> <span class='ocrx_word' id='word_1_16' title='bbox 405 806 511 850; x_wconf 86' lang='lat' dir='ltr'><strong>sermo</strong></span> <span class='ocrx_word' id='word_1_17' title='bbox 528 783 569 850; x_wconf 89' lang='lat' dir='ltr'><strong>dc</strong></span> <span class='ocrx_word' id='word_1_18' title='bbox 584 783 749 851; x_wconf 84' lang='lat' dir='ltr'><strong>vocalibus</strong></span> <span class='ocrx_word' id='word_1_19' title='bbox 764 781 985 850; x_wconf 79' lang='lat' dir='ltr'><strong>instrumentis</strong></span> 
     </span>
    </p>
   </div>
   <div class='ocr_carea' id='block_1_3' title="bbox 248 893 1041 1405">
    <p class='ocr_par' dir='ltr' id='par_1_3' title="bbox 250 893 1041 1072">
     <span class='ocr_line' id='line_1_6' title="bbox 250 893 1041 984; baseline -0.003 -23"><span class='ocrx_word' id='word_1_20' title='bbox 250 895 369 984; x_wconf 86' lang='lat' dir='ltr'><strong>dignus</strong></span> <span class='ocrx_word' id='word_1_21' title='bbox 384 895 419 960; x_wconf 90' lang='lat' dir='ltr'><strong>in</strong></span> <span class='ocrx_word' id='word_1_22' title='bbox 433 895 579 961; x_wconf 86' lang='lat' dir='ltr'><strong>versibus</strong></span> <span class='ocrx_word' id='word_1_23' title='bbox 595 893 790 961; x_wconf 76' lang='lat' dir='ltr'><strong>harmonicis</strong></span> <span class='ocrx_word' id='word_1_24' title='bbox 806 893 1041 982; x_wconf 85' lang='lat' dir='ltr'><strong>(simplicibus),</strong></span> 
     </span>
     <span class='ocr_line' id='line_1_7' title="bbox 250 1002 808 1072; baseline -0.004 0"><span class='ocrx_word' id='word_1_25' title='bbox 250 1008 339 1072; x_wconf 79' lang='lat' dir='ltr'><strong>cisra</strong></span> <span class='ocrx_word' id='word_1_26' title='bbox 354 1017 388 1072; x_wconf 90' lang='lat' dir='ltr'><strong>et</strong></span> <span class='ocrx_word' id='word_1_27' title='bbox 403 1004 508 1072; x_wconf 89' lang='lat' dir='ltr'><strong>dulcia</strong></span> <span class='ocrx_word' id='word_1_28' title='bbox 524 1005 564 1070; x_wconf 90' lang='lat' dir='ltr'><strong>de</strong></span> <span class='ocrx_word' id='word_1_29' title='bbox 580 1002 699 1070; x_wconf 84' lang='lat' dir='ltr'><strong>nostris</strong></span> <span class='ocrx_word' id='word_1_30' title='bbox 714 1003 808 1072; x_wconf 88' lang='lat' dir='ltr'><strong>labiis</strong></span> 
     </span>
    </p>

    <p class='ocr_par' dir='ltr' id='par_1_4' title="bbox 248 1120 512 1185">
     <span class='ocr_line' id='line_1_8' title="bbox 248 1120 512 1185; baseline -0.011 0"><span class='ocrx_word' id='word_1_31' title='bbox 248 1128 286 1185; x_wconf 89' lang='lat' dir='ltr'><strong>ut</strong></span> <span class='ocrx_word' id='word_1_32' title='bbox 301 1120 401 1184; x_wconf 88' lang='lat' dir='ltr'><strong>verba</strong></span> <span class='ocrx_word' id='word_1_33' title='bbox 416 1127 512 1184; x_wconf 89' lang='lat' dir='ltr'><strong>enata</strong></span> 
     </span>
    </p>

    <p class='ocr_par' dir='ltr' id='par_1_5' title="bbox 250 1224 902 1318">
     <span class='ocr_line' id='line_1_9' title="bbox 250 1224 902 1318; baseline -0.002 -25"><span class='ocrx_word' id='word_1_34' title='bbox 250 1229 420 1318; x_wconf 84' lang='lat' dir='ltr'><strong>tingantur</strong></span> <span class='ocrx_word' id='word_1_35' title='bbox 435 1226 542 1294; x_wconf 90' lang='lat' dir='ltr'><strong>omnia</strong></span> <span class='ocrx_word' id='word_1_36' title='bbox 556 1225 590 1292; x_wconf 90' lang='lat' dir='ltr'><strong>in</strong></span> <span class='ocrx_word' id='word_1_37' title='bbox 604 1224 750 1291; x_wconf 85' lang='lat' dir='ltr'><strong>rutilanti</strong></span> <span class='ocrx_word' id='word_1_38' title='bbox 765 1248 844 1292; x_wconf 89' lang='lat' dir='ltr'><strong>auro</strong></span> <span class='ocrx_word' id='word_1_39' title='bbox 861 1266 902 1276; x_wconf 95' lang='lat'><em>-</em></span> 
     </span>
    </p>

    <p class='ocr_par' dir='ltr' id='par_1_6' title="bbox 248 1337 703 1405">
     <span class='ocr_line' id='line_1_10' title="bbox 248 1337 703 1405; baseline -0.007 0"><span class='ocrx_word' id='word_1_40' title='bbox 248 1338 321 1405; x_wconf 91' lang='lat' dir='ltr'><strong>Deo</strong></span> <span class='ocrx_word' id='word_1_41' title='bbox 338 1339 491 1405; x_wconf 84' lang='lat' dir='ltr'><strong>deberem</strong></span> <span class='ocrx_word' id='word_1_42' title='bbox 503 1338 560 1404; x_wconf 89' lang='lat' dir='ltr'><strong>illa</strong></span> <span class='ocrx_word' id='word_1_43' title='bbox 575 1337 703 1404; x_wconf 88' lang='lat' dir='ltr'><strong>offerre.</strong></span> 
     </span>
    </p>
   </div>
   <div class='ocr_carea' id='block_1_4' title="bbox 671 1531 726 1597">
    <p class='ocr_par' dir='ltr' id='par_1_7' title="bbox 671 1531 726 1597">
     <span class='ocr_line' id='line_1_11' title="bbox 671 1531 726 1597; baseline -0.018 0"><span class='ocrx_word' id='word_1_44' title='bbox 671 1531 726 1597; x_wconf 87' lang='lat' dir='ltr'><strong>IV.</strong></span> 
     </span>
    </p>
   </div>
   <div class='ocr_carea' id='block_1_5' title="bbox 249 1663 1048 2529">
    <p class='ocr_par' dir='ltr' id='par_1_8' title="bbox 249 1663 1048 2082">
     <span class='ocr_line' id='line_1_12' title="bbox 249 1663 1048 1754; baseline -0.004 -23"><span class='ocrx_word' id='word_1_45' title='bbox 249 1664 380 1731; x_wconf 81' lang='lat' dir='ltr'><strong>Priores</strong></span> <span class='ocrx_word' id='word_1_46' title='bbox 397 1663 552 1739; x_wconf 88' lang='lat' dir='ltr'><strong>homines,</strong></span> <span class='ocrx_word' id='word_1_47' title='bbox 568 1664 627 1754; x_wconf 81' lang='lat' dir='ltr'><strong>qui</strong></span> <span class='ocrx_word' id='word_1_48' title='bbox 638 1663 789 1731; x_wconf 77' lang='lat' dir='ltr'><strong>scientias</strong></span> <span class='ocrx_word' id='word_1_49' title='bbox 806 1664 945 1729; x_wconf 68' lang='lat' dir='ltr'><strong>colluere</strong></span> <span class='ocrx_word' id='word_1_50' title='bbox 1045 1705 1048 1712; x_wconf 22' lang='grc' dir='ltr'><strong><em>Δ</em></strong></span> 
     </span>
     <span class='ocr_line' id='line_1_13' title="bbox 250 1773 879 1864; baseline -0.002 -23"><span class='ocrx_word' id='word_1_51' title='bbox 250 1775 398 1863; x_wconf 84' lang='lat' dir='ltr'><strong>antiquas</strong></span> <span class='ocrx_word' id='word_1_52' title='bbox 415 1784 448 1840; x_wconf 92' lang='lat' dir='ltr'><strong>et</strong></span> <span class='ocrx_word' id='word_1_53' title='bbox 464 1774 635 1864; x_wconf 88' lang='lat' dir='ltr'><strong>sapientes,</strong></span> <span class='ocrx_word' id='word_1_54' title='bbox 650 1775 685 1840; x_wconf 95' lang='lat' dir='ltr'><strong>in</strong></span> <span class='ocrx_word' id='word_1_55' title='bbox 700 1775 765 1841; x_wconf 88' lang='lat' dir='ltr'><strong>suis</strong></span> <span class='ocrx_word' id='word_1_56' title='bbox 780 1773 879 1848; x_wconf 84' lang='lat' dir='ltr'><strong>libris.</strong></span> 
     </span>
     <span class='ocr_line' id='line_1_14' title="bbox 250 1883 904 1971; baseline -0.011 -16"><span class='ocrx_word' id='word_1_57' title='bbox 250 1888 430 1956; x_wconf 87' lang='lat' dir='ltr'><strong>elaboratas</strong></span> <span class='ocrx_word' id='word_1_58' title='bbox 447 1884 617 1952; x_wconf 87' lang='lat' dir='ltr'><strong>artificiose</strong></span> <span class='ocrx_word' id='word_1_59' title='bbox 633 1884 674 1950; x_wconf 86' lang='lat' dir='ltr'><strong>de</strong></span> <span class='ocrx_word' id='word_1_60' title='bbox 690 1883 754 1950; x_wconf 87' lang='lat' dir='ltr'><strong>suis</strong></span> <span class='ocrx_word' id='word_1_61' title='bbox 769 1883 904 1971; x_wconf 81' lang='lat' dir='ltr'><strong>regibus</strong></span> 
     </span>
     <span class='ocr_line' id='line_1_15' title="bbox 250 1994 854 2082; baseline -0.007 -18"><span class='ocrx_word' id='word_1_62' title='bbox 250 2006 463 2064; x_wconf 87' lang='lat' dir='ltr'><strong>cantaverunt</strong></span> <span class='ocrx_word' id='word_1_63' title='bbox 476 1996 587 2062; x_wconf 88' lang='lat' dir='ltr'><strong>laudes</strong></span> <span class='ocrx_word' id='word_1_64' title='bbox 604 1995 719 2062; x_wconf 69' lang='lat' dir='ltr'><strong>danica</strong></span> <span class='ocrx_word' id='word_1_65' title='bbox 732 1994 854 2082; x_wconf 65' lang='lat' dir='ltr'><strong>lingui„</strong></span> 
     </span>
    </p>

    <p class='ocr_par' dir='ltr' id='par_1_9' title="bbox 251 2106 651 2174">
     <span class='ocr_line' id='line_1_16' title="bbox 251 2106 651 2174; baseline 0.003 -1"><span class='ocrx_word' id='word_1_66' title='bbox 251 2106 323 2173; x_wconf 87' lang='lat' dir='ltr'><strong>Tali</strong></span> <span class='ocrx_word' id='word_1_67' title='bbox 338 2115 485 2173; x_wconf 86' lang='lat' dir='ltr'><strong>materno</strong></span> <span class='ocrx_word' id='word_1_68' title='bbox 501 2129 651 2174; x_wconf 84' lang='lat' dir='ltr'><strong>sermono</strong></span> 
     </span>
    </p>

    <p class='ocr_par' dir='ltr' id='par_1_10' title="bbox 249 2209 909 2529">
     <span class='ocr_line' id='line_1_17' title="bbox 249 2209 909 2306; baseline 0.002 -23"><span class='ocrx_word' id='word_1_69' title='bbox 249 2217 354 2306; x_wconf 81' lang='lat' dir='ltr'><strong>magis</strong></span> <span class='ocrx_word' id='word_1_70' title='bbox 370 2216 497 2305; x_wconf 87' lang='lat' dir='ltr'><strong>obligor</strong></span> <span class='ocrx_word' id='word_1_71' title='bbox 513 2240 609 2304; x_wconf 90' lang='lat' dir='ltr'><strong>quam</strong></span> <span class='ocrx_word' id='word_1_72' title='bbox 624 2219 707 2284; x_wconf 87' lang='lat' dir='ltr'><strong>nilus</strong></span> <span class='ocrx_word' id='word_1_73' title='bbox 722 2209 835 2284; x_wconf 85' lang='lat' dir='ltr'><strong>eorum</strong></span> <span class='ocrx_word' id='word_1_74' title='bbox 906 2232 909 2240; x_wconf 93' lang='grc'>’</span> 
     </span>
     <span class='ocr_line' id='line_1_18' title="bbox 251 2327 896 2396; baseline -0.005 -2"><span class='ocrx_word' id='word_1_75' title='bbox 251 2329 402 2395; x_wconf 88' lang='lat' dir='ltr'><strong>devotum</strong></span> <span class='ocrx_word' id='word_1_76' title='bbox 418 2349 549 2394; x_wconf 86' lang='lat' dir='ltr'><strong>carmen</strong></span> <span class='ocrx_word' id='word_1_77' title='bbox 564 2351 637 2393; x_wconf 89' lang='lat' dir='ltr'><strong>oum</strong></span> <span class='ocrx_word' id='word_1_78' title='bbox 654 2327 771 2396; x_wconf 88' lang='lat' dir='ltr'><strong>amoris</strong></span> <span class='ocrx_word' id='word_1_79' title='bbox 787 2328 896 2394; x_wconf 84' lang='lat' dir='ltr'><strong>vorbis</strong></span> 
     </span>
     <span class='ocr_line' id='line_1_19' title="bbox 252 2429 747 2529; baseline 0 -21"><span class='ocrx_word' id='word_1_80' title='bbox 252 2438 464 2529; x_wconf 83' lang='lat' dir='ltr'><strong>omnipotenti</strong></span> <span class='ocrx_word' id='word_1_81' title='bbox 477 2439 553 2527; x_wconf 85' lang='lat' dir='ltr'><strong>regi</strong></span> <span class='ocrx_word' id='word_1_82' title='bbox 568 2441 704 2509; x_wconf 86' lang='lat' dir='ltr'><strong>solvere.</strong></span> <span class='ocrx_word' id='word_1_83' title='bbox 743 2429 747 2437; x_wconf 45' lang='lat'>⁵</span> 
     </span>
    </p>
   </div>
   <div class='ocr_carea' id='block_1_6' title="bbox 679 2634 719 2698">
    <p class='ocr_par' dir='ltr' id='par_1_11' title="bbox 679 2634 719 2698">
     <span class='ocr_line' id='line_1_20' title="bbox 679 2634 719 2698; baseline 0 0"><span class='ocrx_word' id='word_1_84' title='bbox 679 2634 719 2698; x_wconf 90' lang='lat' dir='ltr'><strong>V.</strong></span> 
     </span>
    </p>
   </div>
   <div class='ocr_carea' id='block_1_7' title="bbox 245 2763 1120 3631">
    <p class='ocr_par' dir='ltr' id='par_1_12' title="bbox 250 2763 1026 2965">
     <span class='ocr_line' id='line_1_21' title="bbox 251 2763 1026 2855; baseline 0.003 -25"><span class='ocrx_word' id='word_1_85' title='bbox 251 2763 383 2833; x_wconf 82' lang='lat' dir='ltr'><strong>Creatio</strong></span> <span class='ocrx_word' id='word_1_86' title='bbox 399 2774 432 2831; x_wconf 88' lang='lat' dir='ltr'><strong>et</strong></span> <span class='ocrx_word' id='word_1_87' title='bbox 447 2765 627 2854; x_wconf 86' lang='lat' dir='ltr'><strong>generatio,</strong></span> <span class='ocrx_word' id='word_1_88' title='bbox 642 2763 821 2855; x_wconf 87' lang='lat' dir='ltr'><strong>baptismus</strong></span> <span class='ocrx_word' id='word_1_89' title='bbox 836 2777 870 2832; x_wconf 89' lang='lat' dir='ltr'><strong>et</strong></span> <span class='ocrx_word' id='word_1_90' title='bbox 883 2775 1026 2841; x_wconf 72' lang='lat' dir='ltr'><strong>ornatus</strong></span> 
     </span>
     <span class='ocr_line' id='line_1_22' title="bbox 250 2875 871 2965; baseline 0.006 -25"><span class='ocrx_word' id='word_1_91' title='bbox 250 2876 334 2942; x_wconf 86' lang='lat' dir='ltr'><strong>ratio</strong></span> <span class='ocrx_word' id='word_1_92' title='bbox 350 2877 458 2965; x_wconf 77' lang='lat' dir='ltr'><strong>plena,</strong></span> <span class='ocrx_word' id='word_1_93' title='bbox 475 2899 546 2964; x_wconf 86' lang='lat' dir='ltr'><strong>quae</strong></span> <span class='ocrx_word' id='word_1_94' title='bbox 561 2875 741 2942; x_wconf 88' lang='lat' dir='ltr'><strong>meliorest</strong></span> <span class='ocrx_word' id='word_1_95' title='bbox 757 2898 845 2963; x_wconf 86' lang='lat' dir='ltr'><strong>auro,</strong></span> <span class='ocrx_word' id='word_1_96' title='bbox 869 2891 871 2896; x_wconf 81' lang='grc'>’</span> 
     </span>
    </p>

    <p class='ocr_par' dir='ltr' id='par_1_13' title="bbox 251 2985 861 3074">
     <span class='ocr_line' id='line_1_23' title="bbox 251 2985 861 3074; baseline 0.003 -22"><span class='ocrx_word' id='word_1_97' title='bbox 251 2986 382 3074; x_wconf 85' lang='lat' dir='ltr'><strong>sanguis</strong></span> <span class='ocrx_word' id='word_1_98' title='bbox 398 2985 523 3054; x_wconf 78' lang='lat' dir='ltr'><strong>Christi</strong></span> <span class='ocrx_word' id='word_1_99' title='bbox 538 2987 578 3054; x_wconf 87' lang='lat' dir='ltr'><strong>de</strong></span> <span class='ocrx_word' id='word_1_100' title='bbox 593 2987 703 3053; x_wconf 86' lang='lat' dir='ltr'><strong>lateris</strong></span> <span class='ocrx_word' id='word_1_101' title='bbox 719 2988 861 3062; x_wconf 84' lang='lat' dir='ltr'><strong>vulnere,</strong></span> 
     </span>
    </p>

    <p class='ocr_par' dir='ltr' id='par_1_14' title="bbox 249 3087 1120 3298">
     <span class='ocr_line' id='line_1_24' title="bbox 249 3087 1120 3188; baseline 0.001 -25"><span class='ocrx_word' id='word_1_102' title='bbox 249 3096 394 3165; x_wconf 86' lang='lat' dir='ltr'><strong>remissio</strong></span> <span class='ocrx_word' id='word_1_103' title='bbox 410 3091 627 3188; x_wconf 82' lang='lat' dir='ltr'><strong>peccatorum,</strong></span> <span class='ocrx_word' id='word_1_104' title='bbox 642 3108 677 3164; x_wconf 89' lang='lat' dir='ltr'><strong>et</strong></span> <span class='ocrx_word' id='word_1_105' title='bbox 692 3096 877 3184; x_wconf 82' lang='lat' dir='ltr'><strong>quotidiana</strong></span> <span class='ocrx_word' id='word_1_106' title='bbox 887 3097 1082 3184; x_wconf 86' lang='lat' dir='ltr'><strong>jucunditas,</strong></span> <span class='ocrx_word' id='word_1_107' title='bbox 1117 3087 1120 3094; x_wconf 47' lang='lat'><strong>¹</strong></span> 
     </span>
     <span class='ocr_line' id='line_1_25' title="bbox 249 3199 878 3298; baseline -0.003 -24"><span class='ocrx_word' id='word_1_108' title='bbox 249 3209 379 3274; x_wconf 83' lang='lat' dir='ltr'><strong>excelsa</strong></span> <span class='ocrx_word' id='word_1_109' title='bbox 393 3232 468 3298; x_wconf 90' lang='lat' dir='ltr'><strong>spes</strong></span> <span class='ocrx_word' id='word_1_110' title='bbox 485 3207 637 3276; x_wconf 87' lang='lat' dir='ltr'><strong>caelestis·</strong></span> <span class='ocrx_word' id='word_1_111' title='bbox 646 3199 862 3294; x_wconf 81' lang='lat' dir='ltr'><strong>beatitudinis,</strong></span> <span class='ocrx_word' id='word_1_112' title='bbox 875 3252 878 3258; x_wconf 73' lang='lat'>.</span> 
     </span>
    </p>

    <p class='ocr_par' dir='ltr' id='par_1_15' title="bbox 245 3309 957 3520">
     <span class='ocr_line' id='line_1_26' title="bbox 250 3309 957 3392; baseline -0.003 -6"><span class='ocrx_word' id='word_1_113' title='bbox 250 3318 380 3386; x_wconf 86' lang='lat' dir='ltr'><strong>miseria</strong></span> <span class='ocrx_word' id='word_1_114' title='bbox 394 3329 503 3387; x_wconf 83' lang='lat' dir='ltr'><strong>terrae</strong></span> <span class='ocrx_word' id='word_1_115' title='bbox 518 3319 700 3385; x_wconf 87' lang='lat' dir='ltr'><strong>infimorum</strong></span> <span class='ocrx_word' id='word_1_116' title='bbox 716 3309 957 3392; x_wconf 82' lang='lat' dir='ltr'><strong>domiciliorum,</strong></span> 
     </span>
     <span class='ocr_line' id='line_1_27' title="bbox 245 3431 569 3520; baseline 0 -24"><span class='ocrx_word' id='word_1_117' title='bbox 245 3431 363 3520; x_wconf 86' lang='lat' dir='ltr'><strong>jubent</strong></span> <span class='ocrx_word' id='word_1_118' title='bbox 378 3452 429 3496; x_wconf 91' lang='lat' dir='ltr'><strong>me</strong></span> <span class='ocrx_word' id='word_1_119' title='bbox 444 3431 569 3497; x_wconf 85' lang='lat' dir='ltr'><strong>referre</strong></span> 
     </span>
    </p>

    <p class='ocr_par' dir='ltr' id='par_1_16' title="bbox 248 3539 1066 3631">
     <span class='ocr_line' id='line_1_28' title="bbox 248 3539 1066 3631; baseline 0 -21"><span class='ocrx_word' id='word_1_120' title='bbox 248 3541 384 3631; x_wconf 82' lang='lat' dir='ltr'><strong>pulchra</strong></span> <span class='ocrx_word' id='word_1_121' title='bbox 398 3539 553 3608; x_wconf 84' lang='lat' dir='ltr'><strong>miracula</strong></span> <span class='ocrx_word' id='word_1_122' title='bbox 569 3539 621 3608; x_wconf 84' lang='lat' dir='ltr'><strong>dci</strong></span> <span class='ocrx_word' id='word_1_123' title='bbox 636 3545 781 3631; x_wconf 68' lang='lat' dir='ltr'><strong>operim-</strong></span> <span class='ocrx_word' id='word_1_124' title='bbox 901 3557 903 3562; x_wconf 85' lang='lat'>&#39;</span> <span class='ocrx_word' id='word_1_125' title='bbox 962 3582 965 3592; x_wconf 58' lang='lat'><em>2</em></span> <span class='ocrx_word' id='word_1_126' title='bbox 1063 3575 1066 3586; x_wconf 95' lang='lat'><em>·</em></span> 
     </span>
    </p>
   </div>
   <div class='ocr_carea' id='block_1_8' title="bbox 0 0 1298 4232">
    <p class='ocr_par' dir='ltr' id='par_1_17' title="bbox 0 0 1298 4232">
     <span class='ocr_line' id='line_1_29' title="bbox 0 0 1298 4232; baseline 0 0"><span class='ocrx_word' id='word_1_127' title='bbox 0 0 1298 4232; x_wconf 95' lang='lat' dir='ltr'><strong> </strong></span> 
     </span>
    </p>
   </div>
  </div>
 </body>
</html>
