2582 4238
694 310 735 374 18

677 465 734 534 IX.

252 579 302 646 Ita
315 578 434 646 referri
449 579 556 652 debet,
572 578 688 646 eodem
703 589 868 645 momento

124 655 128 662 Ι
162 703 165 710 “
253 714 316 779 quo
333 691 468 778 angelus
488 687 652 777 eorrumpi
668 688 781 778 eoepit

253 802 438 868 submersus
454 816 504 866 est
519 823 657 864 unacum
673 799 738 865 suis
754 800 876 874 vicinis,

252 912 356 978 instar
370 911 514 1000 plumbei
529 911 657 989 cumuli,
672 911 706 976 in
721 911 919 1000 profundum
935 920 1059 992 terrae3

253 1045 385 1089 caecum
400 1021 522 1088 invenit
537 1021 582 1088 ibi
597 1031 724 1112 patrem
740 1045 841 1098 suum,
858 1023 1029 1096 diabolum,
1140 1013 1142 1017 ¹

252 1133 409 1200 immensa
425 1132 577 1199 violantia
592 1155 688 1222 quem
705 1135 828 1200 cruciat
843 1135 938 1224 igne;

254 1247 369 1310 stultus
386 1255 436 1309 est
450 1244 487 1319 is,
504 1244 558 1332 qui
574 1255 702 1332 patrem
717 1254 751 1310 et
766 1245 864 1310 filiam
880 1245 975 1310 istam

254 1355 403 1444 amplecti
420 1354 517 1442 cupit,
534 1365 568 1420 et
583 1375 690 1420 mores
707 1357 837 1442 (bonos)
854 1377 1072 1443 corrumpere.

252 1678 332 1744 Dies
347 1701 406 1744 sex
421 1679 647 1746 increscebant

253 1789 407 1858 volubiles
424 1790 511 1856 eirca
527 1788 653 1856 Oceani
668 1812 791 1862 zonam,

252 1901 439 1990 priusquam
455 1911 734 1988 consequerentur
748 1901 913 1988 integrum
930 1913 1079 1969 ornatum

253 2020 341 2076 terra
357 2020 391 2076 et
405 2020 471 2086 aer,
488 2032 585 2099 quem
599 2009 691 2109 Deus
702 2023 879 2086 creaverat,

253 2144 470 2211 compressam
487 2144 603 2210 aquam
618 2120 652 2186 in
668 2122 791 2187 caelum
807 2122 953 2207 subllme,

251 2233 392 2322 glaciem
407 2243 441 2301 et
455 2233 575 2321 ignem,
590 2242 625 2299 et
640 2231 735 2320 signa
750 2233 925 2308 stellarum,

252 2345 447 2433 grandinem
463 2355 496 2411 et
513 2343 672 2428 animalia,
685 2353 721 2409 et
735 2342 842 2431 pisces
858 2353 892 2410 et
907 2361 991 2416 aves,

252 2458 403 2544 pulchras
419 2458 542 2542 fruges,
558 2464 591 2521 et
607 2455 743 2521 arbores
758 2452 923 2521 florentes.

573 2651 730 2716 -XL

251 2782 399 2847 Mutabat
413 2779 513 2855 Deus,
529 2789 562 2846 et
577 2803 696 2847 novum
710 2779 783 2846 iniit
797 2780 938 2864 modum,

252 2891 442 2979 sanguinem
458 2900 492 2956 et
507 2913 638 2958 carnem
654 2893 694 2959 de
711 2898 795 2981 aqua
810 2905 843 2959 et
859 2894 1001 2981 pulvere,

251 3005 355 3070 levem
370 3003 482 3068 flatum
499 3002 540 3067 de
557 3003 691 3069 aethere
707 3003 865 3092 proxime,

252 3114 335 3178 vitae
352 3115 493 3179 calorem
510 3113 550 3178 de
566 3112 641 3178 solis
657 3113 862 3200 regionibus3

251 3225 389 3291 anirnam
406 3245 534 3312 quoque
550 3223 626 3289 exin
641 3223 738 3309 misit,

250 3336 304 3400 illa
319 3346 368 3401 est
383 3335 569 3421 intelligens
585 3333 716 3401 Domini
732 3336 939 3410 voluntatem,

253 3447 335 3511 viam
351 3446 456 3511 sciens
471 3466 532 3534 per
548 3445 694 3534 corporis
709 3467 818 3521 venas,

252 3559 317 3622 vita
333 3558 461 3643 fulgens
478 3557 518 3621 de
535 3556 657 3622 Sancto
674 3558 799 3646 spiritu.
