2582 4238
575 321 620 386 35
669 295 674 424 J

564 478 636 546 LX.

154 589 221 656 Sed
237 591 268 656 in
285 591 374 656 obitu
390 589 472 658 Jesu
489 590 663 656 dulcissimi

152 702 340 789 accepimus,
357 701 444 789 quod
459 702 568 768 furtim
584 703 794 790 conspexerit
810 704 843 768 in
860 727 991 771 erucem

151 815 303 892 diabolus,
318 813 570 900 investigaturus
586 822 731 902 peccata,

149 925 325 991 occasionis
340 924 613 1012 vigilantissimus,
630 926 754 1014 siquae
771 924 967 992 exstiterint.

149 1035 286 1103 Gaudeo
302 1035 355 1100 hic
373 1038 520 1102 allectam
535 1037 575 1102 iri
658 1075 661 1082 ·

148 1148 216 1212 cius
233 1146 452 1213 curiositatem
466 1149 500 1213 in
516 1149 681 1237 propriam
697 1150 745 1214 sui
762 1150 1005 1234 contumeliam3

148 1281 234 1322 nuno
250 1281 316 1322 non
332 1281 467 1345 serpens
482 1260 633 1326 incurvus

148 1393 255 1436 escam
271 1369 423 1456 glutiens
439 1369 472 1434 in
487 1373 582 1436 hamo
600 1371 779 1437 lactabitur.

559 1565 645 1630 LXI.

151 1693 295 1761 Cunctae
311 1695 430 1764 inferni
444 1699 570 1764 ferreae
586 1708 701 1788 portae
718 1706 932 1780 contremunt,

155 1804 313 1870 mirantur
331 1809 485 1875 tenebrae
505 1812 591 1897 quod
606 1811 713 1875 lumen
730 1807 772 1874 sit
787 1804 921 1872 validius
939 1806 1045 1893 (ipsis)

148 1914 283 1982 currunt
300 1916 427 2003 diaboli,
445 1930 477 1984 et
493 1922 640 2008 elingere
657 1930 824 1996 conantur,

147 2038 301 2114 portenta
317 2029 469 2095 dicebant
485 2031 649 2096 advenire.

152 2139 264 2205 Timor
281 2142 460 2226 pervolavit
475 2142 594 2207 inferni
609 2143 780 2229 regiones3
880 2171 881 2176 ¹

149 2261 277 2318 sanctos
294 2253 449 2338 homines,
467 2253 546 2339 quos¹
564 2263 696 2318 catenae
713 2263 874 2340 premunt,

149 2373 278 2430 coactus
296 2375 345 2430 est
360 2363 461 2430 hostis
476 2363 651 2447 dimittere,

149 2483 301 2540 contusus
318 2483 351 2538 et
366 2475 481 2552 laesus,
497 2485 532 2539 ut
547 2485 693 2562 potestas
709 2475 887 2561 imperavit.

547 2667 648 2734 LXII.

150 2799 236 2880 Quid
253 2799 351 2863 novi?
377 2799 540 2864 salvantur
555 2799 712 2866 homines.

152 2907 220 2974 Cur
237 2909 344 2974 nunc?
370 2910 443 2997 quia
460 2911 560 2977 voluit
577 2910 600 2978 J
602 2933 674 2975 esus
690 2910 773 2998 pati„

150 3021 237 3102 Quid
253 3021 350 3087 novi?
374 3022 483 3109 pulsus
501 3032 550 3088 est
566 3021 720 3087 diabolus.

149 3132 229 3213 Quis
246 3132 347 3198 vicit?
371 3143 501 3198 creator
516 3132 692 3198 hominum.

149 3243 236 3325 Quid
252 3244 349 3310 novi?
374 3243 475 3320 sancti
493 3244 704 3310 deducuntur.

147 3357 185 3420 In
202 3356 328 3443 qualem
344 3353 600 3420 beatitudinem?
625 3353 749 3440 gloriae
768 3354 887 3418 sedem.

150 3466 236 3548 Quid
253 3465 350 3532 novi?
376 3465 454 3532 caeli
472 3466 661 3530 offeruntur.

149 3577 378 3659 Quibusnam?
402 3577 502 3650 nobis,
527 3577 582 3664 qui
598 3578 797 3644 celebramus
815 3585 952 3642 crucem.
