2582 4238
716 345 760 408 26

668 501 823 566 XXXIII.

276 609 426 700 Quinque
444 634 571 676 menses
589 623 621 677 et
639 623 777 700 quatuor
794 622 869 701 post

275 734 368 793 natus
386 735 435 789 est
451 746 533 811 puer
551 725 589 788 de
607 723 732 809 virgine
749 729 840 814 purt„

273 835 587 926 perspicacissimum
601 835 700 899 veluti
719 859 816 922 quum
832 857 892 924 per
907 835 1025 908 vitrum

274 946 384 1010 radius
400 945 506 1010 vibrat
522 969 631 1010 eoram
647 947 745 1010 oeulis
762 947 896 1030 nostris3

276 1057 425 1145 splendet
442 1057 487 1121 ibi
502 1057 559 1131 sol,
576 1057 658 1122 vitro
675 1057 822 1144 integro:

271 1168 414 1254 jucunda
430 1168 537 1255 proles
556 1168 601 1231 ita
617 1169 764 1254 fulgebat
780 1170 819 1238 de
835 1179 948 1241 matre,

211 1327 213 1332 ,
276 1277 381 1364 sigillo
398 1280 485 1344 salvo
504 1279 571 1344 eius

277 1399 436 1460 castarum
452 1389 646 1476 virginitatis
663 1390 827 1462 virtutum,

650 1549 806 1681 xxxiv.

276 1715 380 1781 Nemo
397 1717 526 1791 audivit,
545 1728 578 1782 et
594 1718 680 1782 nulla
697 1718 891 1783 exstiterunt

278 1827 353 1890 talia
368 1851 460 1902 nova,
477 1830 615 1892 antehae
631 1829 683 1893 vel
697 1840 824 1915 postea3

279 1937 373 2003 simul
389 1949 459 2004 erat
474 1940 569 2025 virgo
587 1949 620 2004 et
636 1950 748 2014 mater,

249 2125 252 2132 ¹
278 2051 440 2115 hominem
457 2060 489 2114 et
505 2049 612 2116 Deum
623 2052 719 2138 jussit
733 2052 814 2116 fides
831 2075 889 2120 nos
906 2054 1053 2134 erederet

281 2161 360 2225 caeli
376 2165 548 2227 eantaban't
564 2163 745 2227 advenienti
760 2165 833 2249 regi

280 2273 432 2360 inclytam
447 2275 582 2348 laudem,
600 2275 655 2339 ubi
670 2284 819 2361 pastores
836 2277 995 2362 agebant:

282 2386 442 2450 caelorum
458 2386 564 2473 gloria
581 2395 629 2450 est
647 2386 771 2450 deflexa
788 2387 829 2452 ad
844 2397 975 2473 terram,

281 2495 333 2560 hio
349 2499 628 2584 conjungebantur
644 2499 790 2562 homines
808 2508 840 2563 et
856 2501 975 2586 angeli

663 2691 804 2763 XXXV.

282 2822 352 2886 Nee
367 2832 476 2886 tamen
492 2831 558 2887 tam
576 2823 664 2888 dives
681 2833 762 2901 erat,
777 2835 813 2890 ut
830 2827 944 2891 fascias

283 2933 371 3017 regis
388 2943 491 2997 mater
507 2935 690 3021 possideret
705 2937 817 3011 bonae,

284 3065 383 3128 quare
397 3066 458 3108 rex
473 3044 580 3129 rigido
598 3047 693 3110 foeno

285 3162 454 3240 ooopertus
472 3165 530 3226 est,
547 3164 583 3218 ut
599 3157 760 3240 effugeret
777 3156 889 3243 frigus

285 3261 544 3329 Circumcisionis
562 3265 585 3331 J
586 3288 642 3331 esu
658 3267 882 3342 solennitatem

286 3384 417 3441 octavus
435 3375 500 3440 dies
518 3400 535 3439 a
552 3377 763 3462 generatione
780 3379 847 3442 eius
863 3389 1022 3462 testatum

286 3497 410 3552 aestuat
426 3487 556 3572 sanguis
573 3510 632 3574 per
650 3511 765 3574 corpus
783 3488 962 3564 eandidum,

286 3597 600 3674 defluuntnotabiles
616 3599 777 3700 lacrymae
794 3600 834 3666 de
851 3600 955 3686 genis.
