2592 4242
545 338 587 402 39

517 493 652 560 LXXII.

128 603 232 670 Nemo
247 589 431 670 inveniatur
445 600 477 670 in
493 603 554 670 hoc
570 607 641 672 foro

128 714 265 799 rixosus,
288 737 349 780 neo
366 714 498 780 callidae
516 715 709 782 defensionis

126 827 302 892 verborum
317 849 425 911 sonus,
441 825 497 892 ubi
512 825 547 891 in
561 825 694 892 Domini
704 827 826 912 judicio

129 935 310 1001 dividentur
325 936 471 1002 homines
487 936 521 1001 in
537 936 627 1002 binas
645 938 774 1004 classes

127 1046 276 1112 Alteram
293 1049 460 1113 cohortem
476 1071 548 1114 eum
564 1071 687 1114 summo
703 1051 826 1116 honore

126 1159 243 1223 evehet
258 1159 356 1243 longe
373 1181 471 1245 supra
487 1160 642 1246 sphaeras
659 1160 856 1246 superiores;

127 1269 184 1332 sed
200 1268 426 1356 praecipitabit
440 1269 571 1334 miserit
586 1280 619 1335 et
635 1270 753 1355 ejulatu

127 1380 262 1444 alteram
278 1378 311 1444 in
327 1379 489 1446 diabolum
505 1379 696 1461 (infernum)
713 1382 864 1448 medium.

503 1573 653 1640 LXXIII.

125 1685 261 1774 Depulsi
276 1685 310 1748 in
325 1684 438 1750 mortis
455 1684 710 1750 submersionem

127 1796 253 1862 enecati
267 1796 424 1873 homines,
442 1794 496 1884 qui
512 1793 557 1859 ibi
574 1795 694 1861 debent
710 1796 835 1882 ardere,

125 1907 278 1973 frendent
295 1907 409 1973 dentes
426 1905 459 1970 in
475 1908 601 1972 foetore
618 1919 651 1972 et
666 1909 754 1996 gelu,

127 2018 245 2084 diaboli
262 2019 383 2084 circum
399 2017 557 2083 cadavera
575 2029 676 2101 stant3

125 2131 248 2218 probra
264 2139 296 2195 et
313 2128 529 2196 cavillationes
543 2129 784 2196 commissorum
800 2133 967 2216 scelerum,

126 2241 271 2306 saeviens
288 2241 379 2306 dolor
393 2239 427 2305 in
443 2240 585 2306 tenebris
603 2250 635 2306 et
651 2250 787 2326 terrore,

125 2353 212 2418 nulla
229 2363 279 2418 est
295 2375 368 2439 spes
385 2351 446 2416 nisi
463 2351 671 2437 cruciatuum,

125 2475 258 2530 aeterna
273 2462 412 2548 miseria,
428 2462 487 2528 sed
504 2461 573 2527 viva
588 2486 684 2528 mors.

503 2656 653 2722 LXXIV.

125 2792 217 2857 Haec
233 2800 347 2856 contra
361 2788 504 2854 inveniet
519 2789 674 2855 laetitiam

124 2903 287 2968 hominum
304 2900 447 2988 quilibet,
464 2899 505 2964 ad
521 2923 611 2966 suam
627 2902 767 2989 gloriam

125 3036 222 3102 quem
236 3012 393 3077 Dominus
409 3011 592 3078 invitaverit
608 3036 681 3078 cum
697 3037 820 3080 summo
838 3018 969 3100 honore,

126 3126 256 3191 domum
273 3122 402 3188 deducti
418 3122 536 3210 quippe
552 3123 634 3190 fiunt
649 3124 795 3190 homines

120 3236 266 3320 juvenes»,
282 3229 366 3304 laeti,
382 3229 485 3313 liberi,
501 3231 642 3316 formosi,

125 3343 236 3432 agiles,
251 3344 420 3431 pollentes²
437 3341 608 3428 sapientes,
625 3343 799 3430 splendidi;

112 3457 241 3522 ¹festum
257 3456 389 3522 solenne
403 3475 464 3542 per
481 3453 586 3519 omnia
601 3456 728 3522 saecula
898 3537 900 3542 ,

125 3567 326 3634 saeculorum
340 3565 378 3632 iis
394 3590 468 3634 cum
484 3565 591 3654 gloria
607 3566 833 3634 celebrabitur.
