2582 4238
657 305 701 372 34

628 463 728 530 LVII.

228 577 294 642 Per
311 572 431 641 Mariae
448 573 551 640 sinum
567 576 797 658 venerandum,

228 710 287 776 per
303 687 424 753 Mariae
440 688 551 752 fletum
567 689 729 772 acerbum,

227 802 278 870 lac
294 822 345 865 me
363 801 453 866 Tuae
467 798 700 886 redemptionis
715 799 856 864 lruotum
871 797 1051 884 percipere,

233 911 422 977 immortalis
436 910 526 976 Deus
543 933 614 976 cum
630 910 730 974 Patre
746 918 779 973 et
795 906 932 995 Spiritu!

227 1029 265 1085 In
280 1003 440 1095 aeternam,
456 1025 580 1086 auvam
595 1025 736 1084 manibus

227 1140 331 1196 mades
347 1139 485 1212 eloquens
500 1136 534 1194 in
548 1142 706 1211 aaronque
720 1155 799 1212 genu

226 1255 365 1306 creatura
381 1247 477 1306 oensis
493 1249 577 1306 dehet
584 1246 755 1320 procidere,

228 1359 355 1418 Occator
371 1360 413 1418 mi
420 1361 433 1416 !
456 1378 558 1420 corum
565 1354 652 1434 facie
672 1357 757 1418 Turi!

619 1545 733 1614 LVIII.

225 1678 307 1744 Filio
323 1678 445 1745 Mariae
462 1680 549 1767 nigri
566 1679 716 1746 adferunt

226 1791 371 1858 homines
388 1791 523 1856 mixtum
539 1791 582 1856 iel
598 1789 758 1880 faecibus3

226 1901 459 1967 atrocissimam
476 1899 703 1966 contumeliam
719 1912 752 1966 et
766 1901 922 1990 plurimos
940 1903 1098 1968 cruciatus

226 2013 502 2097 excogitaverunt,
519 2010 576 2076 sed
592 2011 730 2077 mundus
745 2013 913 2101 ingemuit.

225 2121 378 2186 Pallescit
394 2123 484 2207 cutis,
502 2133 534 2187 ct
551 2123 750 2188 contrahitur
766 2124 800 2188 in
816 2125 932 2211 fronte,

225 2233 348 2298 rariora
363 2233 444 2298 fiunt
459 2236 567 2314 verba,
585 2235 643 2299 sed
660 2235 811 2300 deficiunt
826 2235 925 2318 vires;

226 2345 331 2409 anima
347 2345 517 2431 emigravit
535 2333 574 2410 sle
591 2345 673 2412 Jesu
688 2345 927 2423 excarnificato

225 2479 347 2522 summo
364 2453 503 2522 Domino
522 2455 601 2522 caeli
617 2467 650 2520 et
665 2465 836 2524 terrarum.

634 2649 721 2715 LIX.

227 2780 314 2844 Vera
330 2779 455 2866 loquor,
470 2803 564 2848 nemo
582 2782 717 2847 deberet

228 2892 295 2954 sine
310 2892 462 2979 lacrymis
479 2892 562 2957 labie
580 2915 720 2977 movere,

227 3002 270 3066 mi
286 3001 309 3069 J
311 3025 376 3094 esu,
393 3027 489 3090 quum
506 3005 698 3091 scripturam
714 3005 840 3090 legeret

228 3136 283 3178 cor
299 3113 466 3188 emollitus,
484 3114 524 3180 de
539 3115 689 3203 passione
706 3115 792 3194 Tum

228 3248 302 3288 nam
317 3235 432 3290 natura
447 3226 635 3312 ingemebat
650 3246 730 3313 prae
747 3235 872 3290 terrore

227 3345 295 3400 tota
311 3346 528 3421 contremens,
545 3337 603 3401 sed
619 3335 699 3401 caeli
714 3335 776 3423 ipsi

227 3447 436 3533 privabantur
451 3448 531 3525 luce,
548 3471 645 3534 quum
660 3446 764 3513 nudus
782 3447 1072 3532 constringebaris3

227 3559 415 3624 movebatur
431 3558 569 3623 terrain
587 3560 659 3625 Tus
673 3570 787 3626 morte.
