2592 4242
645 326 687 392 38

635 483 754 552 LXIX.

242 593 307 660 Fili
323 594 453 667 Mariae,
469 612 529 682 per
546 594 801 660 misericordiam
817 593 952 678 (Tuam)
969 617 1123 663 summam

241 705 380 771 hominis
396 715 545 771 naturam
562 716 594 770 et
611 729 728 792 eorpus
744 725 856 772 verum

243 841 397 904 agnosce,
413 828 448 883 ut
465 818 605 882 clemens
622 817 805 882 meminerit

156 987 159 992 ,
243 930 306 995 mei
321 929 479 996 Dominus
495 928 529 992 in
544 950 649 1013 regno
666 951 735 994 suo.

243 1048 281 1103 In
296 1052 458 1113 aeternum,
475 1017 599 1102 elevatio
613 1043 753 1104 manibus

245 1158 349 1213 laudea
365 1158 504 1229 eloquens
519 1154 552 1213 io
567 1160 726 1229 atrumque
741 1174 820 1231 qaae

245 1271 384 1324 creatura
399 1263 496 1322 omnia
512 1266 597 1322 debet
606 1265 776 1338 procidere,

247 1377 374 1434 Creator
385 1374 446 1433 mi!
469 1393 570 1432 eoram
579 1373 665 1450 faeie
684 1376 769 1434 Tuo!

646 1563 752 1632 LXX.

245 1695 364 1762 Adhuc
379 1696 487 1762 veniet
503 1694 605 1762 altera
621 1696 689 1762 vice

246 1808 448 1896 omnipotens
463 1829 532 1882 rex,
550 1808 590 1872 ad
605 1807 850 1876 retribuendum

244 1918 427 1983 hominibus
442 1919 626 1984 mercedem
642 1941 753 1984 eorum
768 1920 936 1994 factorum,

246 2031 378 2095 honoris
393 2031 514 2116 largus,
530 2028 563 2094 in
580 2041 725 2096 extremo
737 2031 870 2118 judicio.

246 2142 294 2204 Ita
310 2141 395 2206 iuret
411 2150 488 2206 tuno
504 2139 588 2226 ignis
605 2150 637 2206 et
654 2141 814 2207 aestuabit

245 2273 305 2337 per
321 2261 441 2315 terram
457 2261 490 2315 et
505 2261 631 2316 montes
647 2251 680 2316 in
697 2254 776 2318 orbe
791 2253 949 2325 universo,

246 2372 282 2426 ut
298 2361 376 2427 nihil
391 2362 575 2448 reperiatur
591 2385 693 2448 usque
710 2363 751 2428 ad
766 2364 867 2428 nubes

247 2498 310 2538 non
327 2475 536 2546 combustum,
552 2483 585 2537 et
601 2473 633 2537 in
650 2475 811 2560 abyssum.

637 2664 757 2730 LXXI.

244 2799 504 2885 Resurgentibus
521 2799 660 2864 omnium
677 2807 837 2864 terrarum

245 2910 365 2983 ineolis,
383 2910 590 2996 adjudicium
607 2909 712 2994 triste,

247 3022 345 3089 Jesus
362 3033 437 3086 tuno
454 3021 588 3085 vulnera
604 3019 797 3085 monstrabit

247 3133 391 3198 dolorem
406 3131 576 3208 moventia,
593 3141 626 3196 et
640 3130 798 3218 passionis
815 3130 1036 3198 instrumenta.

246 3244 366 3328 Verba,
383 3241 595 3329 cogitationes
612 3251 645 3306 et
661 3241 767 3307 omnia
783 3243 867 3308 faeta

246 3351 484 3443 perscrutanda
499 3361 573 3416 sunt
591 3352 731 3419 omnium
748 3364 781 3418 et
797 3353 1007 3440 singulorum,

247 3487 307 3530 neo
323 3466 403 3529 fient
418 3461 658 3528 exsecrationes
675 3485 735 3530 nee
746 3466 940 3551 juramenta,

247 3573 459 3640 excludentur
475 3582 541 3643 tam
558 3575 643 3642 dona
659 3599 754 3663 quam
771 3574 1007 3662 eorreptiones.
