2582 4238
543 298 564 367 9

127 477 189 524 nus
229 477 320 543 quam
351 457 500 525 deductio
537 458 646 546 logica
675 458 815 524 omnium
847 461 1030 547 dogmatum

127 568 265 634 ultimam
297 564 427 637 exhibet
457 569 647 635 evidentiam
680 571 764 636 cultu
795 571 874 635 lesu
913 571 1030 636 cultum

127 680 247 746 Mariae
260 681 457 746 'necessario
484 701 558 750 osae
589 693 790 756 contentam3
814 700 912 767 quare
940 681 1028 748 Chri·

128 791 331 878 stianismus‚
363 793 415 879 qui
444 787 656 859 reverentiam
692 784 829 858 debitam
861 793 911 857 dei
937 793 1031 858 lllatri

130 902 261 968 obstare
284 901 433 990 religioni
454 924 533 992 erga
555 905 658 972 Deum
678 904 784 988 ipsum
809 903 940 979 asserit,
964 924 1029 968 non

127 1025 234 1099 potest
255 1033 330 1079 osse
350 1013 412 1080 nisi
429 1027 587 1103 angustus
604 1027 637 1080 et
652 1013 746 1081 nimis
764 1015 862 1082 arctis
878 1014 1030 1080 limitibus

126 1125 395 1210 cirommriptus.

216 1237 371 1302 Adoratio
395 1238 429 1302 in
449 1237 563 1323 spiritu
587 1249 619 1304 et
638 1237 772 1304 veritate
790 1237 961 1302 divinitatis
984 1237 1030 1301 in-

126 1347 270 1424 visibilis,
291 1347 335 1413 ait
348 1348 542 1426 Leibnitius,
563 1361 615 1415 est
636 1369 760 1415 summa
779 1349 879 1414 totius
899 1347 1029 1436 roligio-

129 1461 190 1526 nis.
220 1461 383 1525 Adventus
398 1460 492 1524 huius
512 1459 656 1526 veritatis
679 1459 711 1523 in
733 1461 884 1524 mundum
907 1471 958 1525 est
979 1479 1029 1524 re·

128 1592 204 1636 vers
219 1570 390 1636 maximum
408 1570 642 1637 Christianismi
657 1569 844 1634 miraculum
860 1582 892 1634 et
908 1591 1031 1636 summa

130 1681 287 1768 probatio,
313 1703 475 1748 ramesse
501 1681 647 1747 divinam.
672 1679 805 1746 Mariam
823 1681 975 1748 venerari
998 1695 1031 1746 et

125 1792 288 1878 profiteri,
310 1793 374 1858 hoc
396 1805 448 1858 est
466 1792 572 1878 ipsum
599 1791 877 1859 Christianismum
901 1792 934 1856 in
956 1803 1029 1857 actu

125 1904 356 1970 incarnationis
393 1903 556 1990 profiteris
596 1905 658 1968 Est
694 1903 880 1979 confessio,
917 1904 1028 1968 lesum
1133 1912 1135 1917 ’

126 2015 289 2082 Christum
314 2036 389 2081 esse
414 2015 585 2092 bominem,
607 2015 723 2101 quippe
748 2014 846 2080 lilium
871 2014 1028 2087 feminam

126 2137 178 2191 est
194 2125 367 2202 confessio,
383 2127 493 2191 lesum
510 2147 585 2193 esse
595 2127 707 2202 Deum,
718 2127 833 2213 quippe
850 2126 934 2212 quod
949 2127 1030 2191 haec

125 2233 242 2300 semino
261 2247 313 2300 est
327 2247 430 2301 mater
445 2235 519 2311 Dei3
544 2249 595 2302 est
610 2236 744 2322 denique
761 2237 935 2313 confessio,
957 2257 1030 2303 eum

125 2366 202 2412 esse
217 2366 279 2410 una
293 2347 395 2412 Deum
416 2359 449 2412 et
463 2346 638 2423 hominem,
654 2346 770 2433 quippo
785 2348 871 2433 quod
894 2367 956 2412 una
975 2368 1026 2413 so·
1059 2332 1061 2342 ⁴

124 2462 190 2525 lum
209 2451 372 2523 natinitate
395 2453 455 2523 hae
477 2459 557 2523 duae
577 2469 709 2522 naturae
734 2459 774 2522 ad
795 2454 959 2523 Christum
982 2451 1047 2523 el·'

124 2570 310 2658 fingendum
332 2569 520 2653 conjunctae
541 2579 625 2632 suut.
653 2569 843 2644 Praeterea,
863 2569 1025 2633 veneratio

125 2680 244 2746 Mariae
269 2691 320 2745 ast
343 2678 506 2744 veneratio
530 2678 593 2744 Dei
623 2679 656 2744 in
682 2677 796 2763 spiritu
825 2689 858 2742 ot
882 2677 1026 2755 veritate,

125 2791 199 2878 quia
217 2791 250 2856 in
272 2792 357 2854 nulla
382 2789 443 2854 alia
464 2801 614 2856 croaturo
635 2789 781 2855 adoratio
794 2785 972 2874 ¹inspiritu
996 2801 1029 2853 et

124 2901 261 2967 veritate
277 2901 381 2990 magis
397 2901 503 2966 elucet
517 2921 610 2987 quam
625 2900 659 2965 in
674 2899 784 2964 Maria.
904 2882 907 2887 ⁵

215 3012 270 3077 llle
293 3010 346 3098 qui
366 3021 417 3075 est
441 3022 583 3086 sanctus,
607 3030 708 3095 purus
734 3021 767 3074 et
788 3007 857 3075 sine
882 3021 1026 3094 peccato,

126 3144 232 3214 genus
256 3124 426 3187 humanum
454 3121 635 3186 salvaturus
658 3120 779 3208 eligere
802 3120 911 3186 debuit
930 3118 1027 3184 vitam

126 3232 331 3321 purissimam
364 3233 404 3297 ad
436 3253 526 3297 suam
556 3232 819 3298 incarnationem.
865 3230 899 3295 ll.
924 3228 1026 3317 Virgo

124 3345 322 3435 igiturnon
355 3341 425 3409 aliis
450 3343 575 3409 entibus
609 3343 727 3409 creatis
757 3339 1026 3428 comparariupo·

125 3470 209 3533 test,
235 3456 307 3544 quia
332 3456 438 3531 Deus,
472 3474 542 3519 eam
572 3456 674 3521 solam
706 3454 834 3542 dignam
865 3463 1020 3536 reputans

126 3589 209 3656 quaa
239 3566 490 3636 incarnationem
521 3565 692 3634 divinitatis
717 3565 750 3631 in
772 3568 874 3631 lucom
901 3564 1024 3649 profer·
