2592 4242
690 313 735 378 46

657 467 774 536 XOIII.

259 579 415 661 Quamvis
431 589 699 646 converterentur
706 592 776 646 arte
785 581 1161 654 cunctorummortalium

260 713 338 756 oaro
355 701 388 755 et
404 714 476 756 ossa
492 691 525 755 in
541 715 647 756 meras
664 692 802 778 linguas,

262 813 386 887 ventus,
403 804 512 888 fulgur
529 815 561 867 et
576 803 696 868 virides
714 803 828 891 campi,

243 959 246 968 ·
261 914 383 982 herbae
396 913 593 999 fragrantes,
610 913 713 1000 pulvis
730 923 763 978 et
779 936 886 988 arena,

260 1025 388 1114 grando
406 1035 438 1089 et
454 1025 519 1109 nix,
536 1035 568 1089 et
583 1024 711 1111 plumae
728 1025 841 1100 avium,

261 1135 376 1223 pisces,
394 1138 551 1214 animalia,
567 1146 601 1202 et
617 1137 715 1200 saltus
732 1146 765 1202 et
780 1139 923 1224 paludes,

262 1247 362 1312 linum
378 1259 410 1313 et
426 1271 538 1336 grana,
556 1258 589 1311 et
605 1269 739 1312 serenae
756 1248 878 1321 stellae,

259 1381 413 1444 squamae
428 1371 462 1424 et
477 1360 558 1432 lano,
575 1369 608 1424 et
623 1368 737 1444 guttae
754 1369 786 1424 et
802 1359 973 1433 suintillae,
1034 1351 1036 1356 ’

655 1549 774 1617 XCIV.

262 1662 410 1730 Arbores
424 1673 459 1752 et
476 1688 561 1738 saxa,
578 1674 612 1730 et
634 1665 731 1728 urbes
748 1673 781 1728 et
797 1663 931 1750 plateae,

261 1774 341 1846 fides
360 1776 538 1858 (chordae),
554 1755 643 1846 caeli,
660 1784 716 1840 a'e'r
733 1784 766 1840 et
782 1775 899 1860 augeli,

260 1887 416 1953 vermium
433 1909 536 1972 genus
555 1897 587 1951 et
603 1887 676 1972 agri
692 1887 879 1972 albicantes,

263 1998 419 2086 gramina,
436 1998 566 2062 metalla
582 2008 614 2062 et
630 1985 801 2065 frondosae
817 1999 957 2085 palmae:

261 2118 458 2172 momentum
475 2112 546 2194 (per
563 2119 676 2186 unum]
694 2109 820 2196 quamvi
853 2131 918 2174 non
933 2119 1087 2182 tacerent,

264 2242 375 2285 omnes
393 2227 424 2301 (o
438 2221 517 2283 :hae
534 2219 679 2306 linguae)
696 2230 855 2284 vetustate
872 2229 981 2288 essent

264 2331 410 2415 detritae,
427 2331 613 2418 priusquam
630 2332 751 2398 Mariae
768 2329 873 2418 glorio

263 2444 426 2508 celebrata
441 2453 526 2506 esset
542 2442 648 2529 dignis
665 2443 821 2510 laudibus.

648 2595 768 2706 'nou

265 2765 377 2851 Maria,
395 2777 464 2833 esto
481 2791 553 2833 meo
569 2767 601 2831 in
619 2766 726 2840 eorde,

265 2879 436 2944 clementia
451 2879 530 2966 ipsa,
546 2903 620 2944 nam
637 2879 774 2945 maxime
791 2887 876 2966 opto,

265 2989 451 3061 Benedicta,
467 2989 549 3061 Tibi,
566 2989 593 3052 si
608 2990 679 3076 plus
697 2990 846 3072 valerem,

266 3101 567 3165 excellentissimum
583 3102 736 3186 hymnum
751 3101 948 3187 persolvere.

264 3211 446 3291 Laudantia
461 3212 570 3294 verba,
586 3210 619 3274 in
638 3233 767 3274 carmon
783 3209 925 3285 redacta,

265 3324 305 3388 de
316 3323 460 3408 jucunda
475 3331 578 3387 matre
595 3319 728 3395 Christi,

265 3457 359 3501 nemo
375 3435 495 3522 poterit
512 3434 644 3498 ulterius
661 3433 856 3520 amplificare
875 3433 1018 3520 (quam):

264 3548 350 3615 solus
366 3545 523 3610 Dominus
540 3545 660 3610 Mariae
677 3544 829 3614 sanctior.
852 3593 855 3600 ·
