2582 4238
555 292 595 355 11

118 435 408 539 dsgrimssuns
425 448 637 538 (Augustirms
653 450 695 516 fit.
710 450 906 538 Ansgrimila
931 461 1024 516 natus

13 571 14 576 ’
119 562 237 628 eratin
253 561 390 628 lelandia
407 584 438 627 c.
452 581 480 626 a
495 561 534 627 D.
553 561 659 636 13103
683 564 802 646 etiem
822 563 1024 636 adolescens,

119 686 154 738 ut
168 671 306 747 videtur,
321 672 550 750 monaster-inu
564 674 606 738 de
615 676 825 756 utrumme
838 672 870 737 iu
886 673 1025 738 islandia

118 784 263 859 australi,
279 784 402 850 ordinis
423 787 458 848 S.
473 783 656 872 Augustini,
671 783 810 850 intravit
841 783 935 850 tuitio
957 782 1022 868 qui·

117 897 191 960 dem
218 907 354 980 propter
371 895 548 981 juventutis
577 895 818 962 exuberantiam
840 916 907 960 nor
930 895 1024 979 plane

116 1007 215 1070 telem
229 1025 268 1070 se
285 1005 456 1070 exhibebat
470 1019 506 1070 ut
525 1004 704 1081 hominem,
724 1003 911 1092 religiosam
927 1003 1024 1070 vitam

116 1117 311 1202 amplexum,
327 1117 467 1192 deceret,
481 1116 527 1181 ita
540 1127 578 1182 ut
591 1136 675 1180 enno
687 1114 775 1180 1343
783 1114 937 1200 episcopo
951 1113 1023 1182 sh-

116 1225 235 1293 lotensi
252 1227 399 1302 dohmui,
418 1226 490 1291 viro
511 1246 681 1301 severo,·e
703 1245 740 1291 re
763 1225 926 1292 videretur
947 1247 1022 1292 etun

116 1359 180 1402 una
196 1359 269 1402 cum
284 1337 408 1403 duobus
425 1337 496 1415 aliis
512 1338 678 1404 monachis
699 1336 732 1401 in
755 1356 920 1402 carcerem
945 1358 1020 1402 con·

110 1449 225 1533 J‘icere.
244 1449 330 1526 Quae
346 1448 517 1536 castigatio
534 1461 641 1515 tamen
660 1471 725 1514 nen
747 1449 801 1514 diu
824 1450 961 1516 durasse
976 1448 1022 1512 vi·

118 1561 220 1634 detur,
237 1569 269 1623 et
285 1571 400 1644 postea
415 1559 556 1644 Gyrvo,
579 1561 632 1647 qui
648 1560 763 1628 loanni
779 1559 824 1626 itti
836 1581 921 1624 anuo
935 1557 1019 1624 1351

118 1667 288 1741 successit,
311 1687 430 1755 magno
445 1669 635 1754 hysteinum
657 1681 803 1734 nostrum
818 1669 929 1734 favore
946 1689 1021 1753 pro·

117 1792 248 1845 secutus
269 1791 330 1854 est,
347 1781 477 1866 ejusque
495 1802 596 1866 opera
611 1801 708 1866 saepe
730 1780 762 1847 in
786 1783 883 1846 rebus
905 1801 1020 1869 geren·

117 1892 168 1956 dis
184 1892 341 1956 utebatur.
358 1891 438 1955 Post
454 1891 573 1977 aliquot
588 1905 693 1957 autem
710 1914 812 1958 anuos
828 1891 924 1956 etiam
938 1891 1021 1956 inter

117 2024 176 2067 eos
193 2001 359 2068 dissidium
375 2002 454 2067 oriri
469 1983 586 2089 coepit,
602 2024 704 2089 neque
716 2016 820 2068 tamen
838 2015 872 2067 ut
888 2004 1020 2068 credere

115 2113 206 2188 licet,
238 2113 307 2178 sine
336 2114 398 2178 ulla
429 2115 521 2199 culpa
549 2114 703 2200 episcopi,
735 2113 893 2201 quoniam,
925 2136 1020 2200 quum

117 2226 212 2289 ambo
239 2246 297 2310 per
320 2225 482 2289 biennium
508 2225 773 2306 (1355-1357)
797 2226 829 2292 iu
856 2226 1020 2314 Norvegia

116 2319 241 2419 rnorem
263 2335 417 2411 fecerunt,
438 2337 604 2421 Eysteiuo,
621 2359 685 2402 non
702 2336 868 2423 episcopo,
886 2336 1021 2422 contigit

116 2446 262 2510 favorem
278 2446 524 2531 metropolitani,
542 2447 639 2523 Olavi,
657 2446 893 2533 archiepiscopi
905 2446 1019 2512 Nidro·

117 2556 236 2622 aiensis
261 2557 322 2622 sibi
338 2557 521 2624 conciliare.
538 2562 629 2624 Auno
650 2558 735 2624 1358
757 2558 931 2644 Eysteinus
957 2577 1019 2622 una

118 2691 191 2734 cum
208 2667 371 2735 Canopico
386 2669 588 2736 Nidrosiensi
608 2672 647 2734 ab
668 2670 911 2756 archiepiscopo
935 2670 1017 2732 dele·

116 2792 213 2870 gatus
235 2778 294 2842 suit
320 2781 360 2843 ad
387 2779 555 2845 lelandium
578 2793 614 2844 ut
642 2782 725 2845 hauc
750 2793 869 2845 terram
892 2779 1019 2844 nomine

116 2895 188 2978 ejus
219 2877 378 2954 visitares
416 2890 452 2954 ln
482 2892 546 2956 hoo
570 2889 680 2956 officio
718 2889 811 2956 nimis
844 2893 1018 2977 superbum

115 3025 152 3069 se
180 2999 326 3090 gessisse
358 2999 550 3086 perhibetur,
582 3002 666 3087 quod
698 3001 871 3088 episcopus
903 3023 1014 3089 aeger·

114 3113 196 3177 rime
228 3111 335 3178 ferens
367 3111 522 3196 Eysteino
553 3112 586 3176 in
616 3112 723 3178 multis
752 3114 850 3178 rebus
887 3114 1017 3179 obstare

115 3221 277 3294 studebam
301 3221 350 3286 ira
375 3231 555 3286 commotus
575 3221 749 3306 Eysteinus
770 3228 884 3306 poema
904 3222 1016 3290 irriso·

114 3333 197 3396 rium
229 3330 412 3417 composuit
450 3344 563 3396 contra
601 3333 797 3418 episcopum.
846 3334 1015 3400 Postremo

113 3443 287 3529 Eysteinus
303 3442 490 3528 episcopum
506 3441 615 3509 citavit
630 3446 669 3511 ad
680 3446 938 3529 respondendum
955 3444 1016 3510 sibi

115 3576 226 3622 coram
242 3552 495 3639 archiepiscopo,
505 3554 677 3641 episcopus
689 3569 793 3623 autem
805 3570 918 3623 eontra
930 3556 1016 3623 illum
