2592 4242
666 340 710 407 44

586 495 787 569 LXXXVII.

237 613 350 697 Maria,
367 611 512 700 exprime
528 613 577 676 lac
594 612 633 677 de
651 616 809 689 uberibus

238 735 309 790 mea
324 724 449 810 regina,
468 745 578 788 coram
593 724 659 790 filio
677 726 765 791 Tuo!

239 834 383 900 Cruenta
399 833 484 921 patri
501 845 645 898 monstra
662 837 805 919 vulnera,

236 946 282 1010 fili
297 946 429 1029 Mariae,
447 969 542 1032 quem
558 947 639 1010 clavi
657 947 821 1012 secabant!

239 1055 354 1143 Spero,
370 1065 480 1121 vestro
497 1075 590 1122 servo

238 1168 359 1233 nullum
375 1166 552 1231 cruciatum
570 1154 807 1231 dominaturum
824 1166 886 1249 diu,

240 1277 481 1344 misericordiae
498 1301 595 1364 quum
611 1278 780 1342 mitissima
795 1277 898 1342 fluunt

237 1388 333 1474 signa
348 1390 430 1454 haec
445 1411 506 1476 per
522 1389 660 1454 caeleste
675 1410 824 1476 regnum.

590 1581 803 1649 LXXXVHL

241 1710 401 1798 Consiste,
419 1737 500 1801 quae
516 1715 672 1802 peperisti
688 1713 872 1798 Dominum,

242 1847 350 1889 coram
367 1825 512 1910 fulgente
528 1825 593 1891 filio
611 1826 692 1910 Tuo,

241 1935 494 2000 misericordiam
508 1958 592 2021 roga
608 1946 644 2001 ut
658 1936 769 2002 mitem
784 1934 927 2000 inveniat

241 2047 337 2111 homo
355 2044 498 2132 quisque,
515 2046 572 2111 sed
588 2048 712 2113 scelera
729 2046 887 2112 deficiant.

242 2157 350 2238 Quum
365 2159 492 2245 profers
509 2158 549 2222 de
565 2158 655 2223 almis
671 2158 764 2223 labiis

242 2267 507 2333 intercessionem
525 2289 584 2354 pro
602 2265 795 2333 Christianis
812 2265 934 2349 animis,

242 2380 354 2463 Maria,
371 2378 394 2446 J
396 2401 452 2444 esu
468 2390 571 2444 mater
588 2379 824 2465 augustissima,

245 2499 415 2566 memento,
432 2511 472 2554 nc
489 2511 552 2575 ego
570 2488 727 2576 excipiar!

600 2681 787 2748 LXXXIX:

246 2818 297 2882 Tu
314 2839 347 2881 es
365 2815 502 2880 amanda
518 2815 612 2879 unica
628 2813 806 2886 mulierum,

246 2929 367 3016 optima
383 2927 423 2994 ob
440 2927 653 2993 humilitatem
670 2924 812 3011 (Tuam),

248 3038 413 3104 delenieus
429 3038 593 3103 hominum
609 3047 753 3124 peccata,

247 3151 418 3216 benedicta
434 3150 537 3235 virgo,
556 3149 606 3213 Tu
623 3170 656 3212 es
674 3145 797 3232 angelis
814 3145 992 3211 sublimior!

249 3263 299 3327 Tu
316 3285 350 3326 es
366 3262 563 3326 incalescens
581 3257 703 3345 Spiritu
720 3268 831 3323 saneto

249 3374 330 3457 aula,
348 3382 461 3436 ornata
477 3369 649 3434 virtutibus
665 3368 822 3441 omnibus,

249 3508 313 3549 non
331 3503 522 3570 agnoscens,
538 3480 640 3545 libera
657 3506 675 3545 a
691 3480 842 3567 peccatis,

249 3596 364 3659 virium
380 3595 533 3666 laborem,
550 3615 610 3657 nec
626 3592 735 3656 vitium
753 3593 863 3656 ullum!
