2582 4238
698 323 741 387 28

629 479 787 546 XXXIX.

257 590 369 654 Mirari
385 591 492 678 eoepit
508 601 598 656 vetus
615 589 668 656 ille
684 590 786 656 hostis

257 713 368 766 natum
384 702 556 779 hominem,
572 701 631 768 sed
646 700 830 787 intelligere
847 698 980 764 vetitum
996 710 1078 774 orat,

256 824 288 876 et
305 813 334 876 ei
350 822 421 878 erat
436 813 547 888 simile,
566 811 657 900 quasi
672 810 804 898 spiritus
820 811 997 898 protulerit

258 926 358 989 verba
373 925 454 989 haec
471 923 511 988 de
528 923 639 1008 lingua
656 922 745 1005 olim:

260 1034 405 1112 „videtur
422 1034 500 1100 mihi
515 1057 633 1099 novum
649 1033 810 1120 quoddam

257 1145 516 1234 appropinquare
532 1144 687 1214 mundum
703 1155 736 1210 et
751 1166 856 1230 genus
871 1143 1050 1225 hominum3

259 1257 377 1343 aliquid
393 1256 508 1321 subtile
524 1255 682 1321 Dominus
698 1256 908 1343 excogitabit,

259 1367 413 1433 occulitur
430 1366 463 1430 id
478 1366 570 1448 mihi;
599 1367 681 1431 olam
697 1366 762 1432 fit.“

678 1559 749 1630 XL.

266 1690 309 1756 „J
311 1712 400 1756 esum
415 1692 576 1756 honorant
591 1691 782 1776 angelorum
798 1691 889 1755 chori

261 1824 409 1889 superne,
425 1801 560 1878 inferne,
577 1801 610 1866 in
625 1801 745 1870 mundo
761 1801 870 1875 tertio,

261 1913 427 1977 stellarum
442 1911 563 1977 lumina
579 1921 611 1976 et
628 1912 742 1978 allatae
759 1912 946 1999 oblationes,

260 2023 349 2111 pacis
365 2023 524 2088 vinculum
540 2023 572 2090 in
589 2027 788 2110 quincumque
805 2029 908 2098 terr&

262 2136 342 2199 haee
359 2144 481 2220 augent
497 2133 575 2198 mihi
592 2133 737 2200 dolorem

261 2268 339 2311 vera
354 2247 516 2321 miracula,
533 2245 673 2311 exhibito
692 2247 777 2334 apud
793 2249 952 2328 homiues;

264 2358 375 2422 anxius
393 2381 471 2430 sum,
489 2356 557 2422 eius
572 2358 671 2422 robur
692 2357 897 2427 consiliorum

262 2469 340 2532 mihi
357 2467 606 2534 constricturum
621 2469 692 2534 fore
707 2479 877 2557 utrumque
894 2470 1007 2536 latus.“

674 2662 759 2732 XLI.

267 2796 464 2860 „Paternum
480 2817 584 2882 genus
602 2793 669 2860 eius
686 2793 783 2860 credo
799 2817 918 2880 paucos
935 2795 1132 2870 inventuros,

265 2904 323 2970 sed
337 2905 499 2992 reperitur
515 2916 697 2970 maternum
712 2927 817 2990 genus
837 2907 889 2970 hio
904 2906 990 2970 inter
1006 2907 1169 2981 homines

264 3039 338 3080 nam
354 3017 467 3082 modus
484 3015 507 3083 J
509 3039 566 3082 esu
581 3015 801 3102 generationis
819 3027 868 3080 est

264 3125 373 3198 mirus,
389 3135 425 3190 ut
441 3126 494 3188 vix
511 3147 584 3190 eum
600 3126 788 3210 intelligam.

264 3235 339 3300 Non
354 3235 431 3299 mihi
447 3236 499 3300 hio
514 3237 631 3323 placet,
668 3264 670 3270 ’

265 3346 310 3409 ita
326 3367 360 3409 se
376 3346 464 3432 gerit
478 3347 569 3411 hioee
581 3345 727 3433 juvenis3

259 3415 429 3544 iunquam
445 3468 515 3523 erat
530 3459 557 3524 is
572 3457 661 3545 prius
678 3458 710 3522 in
727 3463 816 3522 terra
890 3533 893 3538 Α

265 3577 358 3644 natus
376 3569 482 3646 homo,
501 3592 596 3656 quem
612 3591 811 3657 magnopere
828 3569 1025 3636 metuerim.“
1107 3566 1109 3572 ’
