2592 4242
583 329 628 394 45

558 484 631 554 XO.

147 601 197 684 Tu
213 621 248 664 es
265 597 420 664 castitatis
438 597 521 662 ahna
536 598 696 679 columba,

146 709 211 774 filia
225 708 298 793 Dei,
315 708 439 773 sanatio
455 709 650 780 morborum,

144 820 304 886 felicitatis
320 820 380 903 via,
396 819 505 885 radius
523 820 695 900 caelorum,

145 954 274 1018 gemma
292 953 492 1017 sponsarum,
507 928 621 1015 regina
637 929 809 1000 caelorum,

145 1043 209 1107 Dei
225 1042 347 1125 domuS,
364 1039 479 1106 oblivio
496 1062 732 1124 aerumnarum,

146 1151 257 1238 gaudii
273 1151 438 1239 cupediae,
456 1149 617 1218 demolitio
634 1150 793 1234 vitiorum,

148 1262 335 1328 clementiae
351 1285 442 1347 vena,
458 1261 618 1328 recreatio
634 1260 791 1348 gentium,

149 1375 311 1438 celebrata
326 1373 429 1458 virgo,
447 1373 498 1437 Tu
513 1394 548 1438 es
565 1372 690 1459 angelis
706 1371 884 1442 sublimior!

558 1565 644 1633 XOl.

148 1699 263 1784 Maria,
281 1699 331 1764 Tu
348 1721 382 1762 es
398 1709 502 1762 mater
518 1697 738 1762 serenissima!

148 1810 261 1884 Maria,
279 1809 329 1874 Tu
345 1809 434 1883 vivis,
452 1809 549 1874 decus
566 1809 766 1895 temporum!

148 1922 259 1994 Maria,
277 1921 327 1986 Tu
344 1943 378 1986 es
395 1922 435 1986 ob
452 1919 707 1984 misericordiam
723 1917 903 1982 carissima!

91 2100 96 2110 ,
148 2032 261 2108 Maria,
279 2032 351 2096 leva
366 2040 576 2118 peccatorum
591 2029 784 2117 periculum!

149 2143 263 2227 Maria,
279 2141 387 2229 aspice
405 2140 512 2206 clades
528 2143 671 2216 nostras!

148 2255 261 2339 Maria,
279 2254 386 2341 aspice
402 2263 542 2319 moestas
558 2254 733 2340 lacrymas!

149 2341 261 2442 Maria,
278 2364 410 2430 medere
426 2364 517 2428 malis
534 2363 677 2451 magnis!

149 2473 261 2558 Maria,
278 2473 413 2538 immitte
430 2482 594 2561 unguenta
610 2473 812 2539 vulneribus!

550 2667 651 2735 ΧΟΠ.

151 2798 254 2865 Dulce
272 2801 407 2886 loquens
426 2800 569 2886 quamvis
586 2801 714 2887 quidam
730 2800 893 2865 hominum

150 2911 258 2974 verbis
277 2921 409 2976 conatus
426 2912 522 2976 fuerit
537 2911 712 2999 pangendo
729 2911 923 2975 concinnare

150 3020 293 3106 lepidum
308 3029 433 3107 pc'e'ma,
449 3032 485 3087 ut
500 3045 559 3109 par
576 3032 635 3105 cst,

153 3153 224 3195 mea
240 3131 366 3215 regina,
384 3132 424 3196 de
441 3133 588 3198 laudibus
606 3133 702 3197 Tuis:

152 3243 235 3306 foret
250 3240 362 3326 simile,
380 3265 417 3306 ac
434 3245 609 3331 cespitarct
624 3246 676 3308 vel
692 3244 857 3326 titubaret,

74 3361 77 3366 '
152 3374 263 3418 errans
276 3355 473 3437 hcm0,nunc
483 3354 624 3438 adhunc,
636 3377 720 3418 nunc
732 3353 772 3418 ad
786 3355 875 3419 illum
885 3354 1053 3441 parietem,

152 3474 334 3549 prostratus
350 3475 383 3529 et
399 3464 548 3540 inclusus,
565 3487 626 3529 nec
642 3475 751 3530 tamen
767 3467 982 3552 egrederetur

154 3575 323 3660 (quamvis)
341 3576 473 3663 cupidus
491 3575 530 3642 de
545 3576 739 3663 labyrintho.
