2582 4238
718 275 741 338 4

275 433 377 499 disum
404 433 556 507 imitatur,
589 431 641 519 qui
666 431 772 496 multis
799 432 936 499 saeculis
964 454 1042 499 usus
1068 446 1119 499 est
1146 434 1181 498 in

275 542 391 604 mundo
403 539 1183 630 praeparandoutVirginemimmaeulatametper

274 673 344 716 eam
359 654 499 718 Verbum
515 675 606 718 suum
622 651 821 716 incarnatum
836 651 867 716 in
888 666 991 718 terras
1007 654 1181 740 reciperet.

275 763 458 828 Translatio
485 776 597 829 nostra
617 775 682 827 tam
705 775 854 828 accurate
877 774 909 828 et
932 763 1067 830 fideliter
1092 765 1181 830 saeta

273 887 332 948 est,
354 896 447 960 quam
468 895 539 939 eam
554 874 662 938 faeere
683 873 883 958 permitteret
904 875 1031 940 diversa
1052 875 1182 942 indoles

274 986 523 1070 discrepansque
534 985 700 1049 character
714 984 879 1072 utriusque
891 984 1029 1072 linguae.
1045 986 1086 1050 Ut
1102 1006 1181 1052 vere

274 1094 487 1182 intelligamus
513 1108 546 1160 et
570 1094 757 1178 sentiamus,
779 1117 874 1181 quam
894 1095 1100 1182 pmcnre‘hic
1122 1118 1178 1162 ex·

274 1225 406 1288 pressae
423 1204 487 1268 sint
502 1203 741 1292 enunciationes
758 1207 952 1290 complures,
972 1227 1106 1292 quarum
1128 1208 1179 1286 uis

274 1316 368 1380 etiarn
385 1316 617 1402 quodammodo
640 1316 826 1380 memoriam
841 1295 954 1404 Dentis
975 1317 1179 1403 nchipoetae

274 1439 415 1514 renouat,
430 1447 559 1510 semper
576 1439 650 1490 ante
668 1429 782 1506 oeulos
801 1429 967 1508 habendus
989 1425 1039 1498 est
1055 1429 1180 1508 animus

275 1539 325 1602 ille
342 1558 419 1602 vere
436 1537 703 1624 catholicusque
720 1539 859 1626 agitatur
869 1551 1011 1618 ¹retusior„
1025 1561 1054 1619 p.
1071 1543 1102 1606 b.
1123 1540 1180 1618 uhi

276 1651 433 1714 exclamat
450 1651 606 1733 (strix.)
620 1646 760 1719 (laecum
775 1650 896 1730 inuenit
910 1651 1016 1740 ibilin
1036 1650 1180 1730 inferno)

276 1775 517 1846 patremsuum,
542 1761 713 1838 diabmrm
735 1761 892 1842 immensa
909 1763 1061 1832 nolendo
1084 1782 1178 1849 quern

277 1879 399 1936 cruciat
414 1872 491 1960 igne
507 1872 549 1952 *).
996 1856 1000 1863 ⁵

276 2054 531 2064 -......-...-..-——-

367 2161 390 2228 Ι’)
405 2163 468 2214 iioc
483 2163 546 2214 ioco
561 2163 666 2216 adrem
681 2164 736 2215 erit
749 2164 848 2229 paucis
863 2161 960 2215 verbis
975 2165 1010 2216 de
1024 2171 1178 2216 consuetu·

277 2256 341 2307 dine
348 2255 421 2307 satis
429 2261 494 2306 nota
504 2257 728 2321 protestantismi
741 2251 897 2319 disserere,
910 2255 1094 2309 'adversarios
1107 2271 1178 2308 snos

236 2329 239 2334 ¹
276 2349 437 2414 inculpandi
448 2355 567 2416 propter
580 2361 707 2412 errores,
721 2351 768 2416 qul
781 2351 852 2416 ipsis
866 2351 954 2402 multo
968 2353 1058 2416 magis
1071 2353 1098 2402 in
1118 2351 1176 2402 cul·

277 2455 340 2516 pam
354 2443 415 2492 dari
430 2450 563 2509 possum.
590 2444 755 2498 Translatus
774 2445 886 2510 quidam
906 2443 1076 2498 Lutherieus
1094 2444 1178 2504 nnius

277 2534 433 2602 poematis,
459 2537 565 2588 Paulus
589 2537 735 2599 iiallerus,
760 2537 903 2602 islandus,
922 2537 1051 2604 quamvis
1070 2535 1099 2588 in
1123 2537 1177 2588 hoc

277 2627 352 2690 pium
361 2628 519 2680 etnativum
526 2629 799 2694 polimaislandicum
809 2632 880 2682 deos
891 2607 1015 2703 paganos
1024 2629 1177 2690 Graeciae,

277 2735 396 2785 quorum
410 2721 487 2771 nulla
501 2721 528 2773 in
543 2721 672 2788 originali
686 2723 789 2774 mentio
809 2721 849 2785 fit,
864 2723 1062 2786 introduxerit,
1085 2729 1177 2775 tamen

278 2815 760 2882 auctorem„Lilii“superstitionis
774 2823 891 2868 accusat
903 2825 1022 2883 propter
1035 2818 1176 2868 laudatam

278 2907 413 2958 Sanctam
431 2909 593 2974 Deiparam.
632 2911 723 2970 Sane,
750 2914 782 2960 ut
811 2910 878 2960 dicit
902 2909 956 2960 ccl.
992 2911 1044 2958 Dr.
1075 2907 1176 2964 Faber,

278 3001 402 3064 scriptor
432 3002 476 3053 itis
500 3001 677 3066 temporibus
699 3002 827 3062 existens
850 3002 922 3053 etin
940 3001 1040 3066 Augila
1065 3007 1094 3053 et
1118 3007 1176 3052 sta·

277 3092 353 3144 tibus
371 3094 456 3146 unitis
469 3095 617 3146 Americae
639 3093 872 3158 septentrionalis
896 3094 969 3145 satis
982 3101 1066 3146 notus
1085 3093 1176 3160 (antea

280 3186 393 3251 quidem
412 3187 540 3240 minister
563 3186 718 3238 Sacrorum
742 3192 928 3258 protestans,¹
948 3185 1011 3240 dein
1037 3195 1091 3238 nna
1114 3200 1175 3236 cnm

279 3284 390 3330 centum
422 3279 496 3331 forte
527 3275 764 3329 commilitonibus
796 3277 977 3330 Oxlordianls
1012 3277 1045 3330 ad
1073 3277 1175 3330 eatno-
1269 3273 1270 3286 ³

280 3365 420 3422 licismum
445 3369 616 3438 conversus)
639 3384 692 3421 non
710 3371 802 3422 minus
828 3369 981 3422 absurdum
1007 3376 1053 3422 est
1084 3369 1175 3435 perinl-
1269 3387 1270 3438 ᾗ

278 3461 359 3525 tore,
381 3465 501 3516 humano
515 3465 591 3516 onitu
605 3466 637 3516 Β.
646 3463 749 3515 Matris
762 3463 957 3516 immaculatae
977 3465 1099 3516 divinum
1118 3463 1175 3514 cui·

279 3561 338 3606 tum
351 3556 412 3608 Filii
433 3558 505 3610 Jcsu
519 3556 624 3613 Christi
637 3557 776 3622 impediri,
794 3571 876 3623 quam
896 3558 1071 3620 existimare,
1083 3569 1177 3612 amore
1269 3563 1270 3586 ³
