2582 4238
583 290 600 354 'i

139 449 247 515 minus
262 470 300 515 ac
314 450 443 537 pagani,
459 450 533 536 quin
549 449 690 516 fortusse
706 447 800 514 etiarn
822 449 938 538 magis,
960 451 1042 518 vitas

139 560 301 626 interioris
318 573 351 626 et
365 581 460 626 verae
476 560 695 648 genuinoeque
712 559 839 626 virtutis
855 574 930 626 suot
942 562 1042 637 obiiti,

141 691 183 738 ex
191 671 254 736 hoo
267 669 391 744 ,titios
402 671 528 736 discere
541 683 686 756 possunt,
702 670 787 736 iiiam
798 670 991 738 oblivionem
1002 694 1041 738 eo

139 782 256 848 saetam
279 783 365 867 quod
378 785 515 850 Sanctae
524 783 682 868 Deiparae
693 783 802 868 justos
816 785 1043 849 suoshonores

137 905 268 980 negant,
287 893 342 977 iiii,
366 913 446 978 quae
462 915 525 958 non
551 893 770 959 celebritatem
791 893 883 979 petiit
905 915 923 961 e
944 895 1042 960 rebus

137 1003 241 1091 gestis
248 1005 312 1069 iate
323 1003 572 1090 splendentibus
583 1005 641 1069 sed
653 1005 833 1088 exemplum
845 1005 931 1070 dedit
940 1025 1042 1089 purae

138 1114 356 1200 simplicisque
366 1114 950 1200 vhtutisdomesticae,proeeipuaein
962 1136 1036 1180 ocu·

137 1225 177 1290 iis
192 1223 262 1289 Dei.
294 1226 365 1290 iioc
384 1231 500 1311 poema
520 1229 676 1314 legentes,
698 1237 848 1310 reputent
868 1224 1042 1312 imaginem

137 1337 173 1398 S.
189 1334 332 1423 Virginis
352 1349 483 1404 exstare
502 1337 535 1402 in
550 1336 747 1404 catacumbis
766 1355 869 1422 prope
892 1336 1042 1420 sepulcra

139 1465 251 1510 eornm
266 1460 451 1532 martyrum,
471 1448 524 1534 quii
539 1449 719 1514 maluerunt
739 1447 929 1536 sangninem
948 1467 1041 1512 snum

91 1595 93 1599 -
141 1554 300 1622 effundere
321 1579 416 1644 pern
436 1558 601 1626 ruinimurn
624 1560 751 1646 quidem
775 1571 881 1626 nomm
907 1558 1039 1626 idolola-

139 1666 218 1748 trioo
232 1669 433 1736 committere
450 1682 483 1735 et
499 1669 552 1756 qui
565 1669 611 1736 ito
623 1670 721 1736 oiritui
735 1672 770 1736 ii.
783 1655 927 1758 Virginis
947 1689 1041 1734 snum

136 1778 274 1864 pretium
294 1779 406 1847 meihrs
425 1768 606 1846 tribuerunt
622 1802 716 1868 quem
735 1781 789 1857 iiii,
816 1780 868 1866 qui
884 1764 1041 1846 ioannem

136 1891 266 1966 Aeonis,
291 1890 435 1956 ultimum
455 1891 643 1977 episcopum
658 1893 862 1961 ‚catholicum
878 1890 1042 1956 islandiae.

138 2002 241 2088 eapite
257 2015 455 2068 hahuerunt.

226 2112 472 2182 Recentism‘ruis
493 2113 692 2199 temporibus
709 2114 743 2180 in
769 2125 861 2198 parte
874 2114 1038 2182 iieiveiiae

136 2225 399 2309 protestantismo
423 2225 539 2301 dedita,
556 2247 660 2311 quum,
678 2245 742 2288 non
759 2226 906 2291 obstante
921 2223 1039 2290 invidia

136 2336 178 2401 ob
188 2335 387 2408 incrementa
397 2336 617 2430 oadroiicismi,
633 2335 771 2404 ecelesia
783 2335 973 2402 cathedralis
986 2357 1038 2401 oa·

135 2445 254 2511 thoiica
269 2446 301 2510 in
318 2448 399 2512 urbe
412 2447 486 2533 ipsu
499 2447 620 2514 calvini
635 2448 802 2512 aediiicata
818 2459 916 2523 esset,
933 2444 1041 2512 statim

137 2557 263 2643 publice
295 2559 490 2623 deciaratum
521 2569 573 2624 est
597 2557 897 2644 aprotestontibus,
925 2559 1040 2623 iestum

136 2668 451 2737 AnnunciotionisB.
466 2669 610 2758 Virginis
628 2669 730 2734 ndhuo
750 2687 878 2752 semper
895 2688 970 2733 esse
988 2688 1039 2732 oe·

138 2779 340 2857 lebrandum,
369 2781 494 2848 scilicet
519 2782 604 2868 quod
634 2779 798 2845 veneratio
829 2780 864 2845 B.
895 2777 1040 2867 Virginis

137 2892 352 2976 pulcherrima
366 2905 399 2956 ct
413 2892 607 2980 gravissima
628 2903 718 2971 esset
731 2889 875 2956 incitatio
892 2891 932 2956 ad
947 2910 1038 2956 reve·

137 3003 272 3068 rentiam
288 3004 414 3069 seminis
431 3003 569 3069 debiturn
585 3003 682 3091 digne
702 3002 926 3069 exhibendam.
957 3003 1039 3080 Qua·

139 3125 212 3178 tuor
234 3113 348 3178 abhinc
370 3113 461 3179 annis
476 3114 526 3178 vir
548 3114 673 3200 quddam
694 3113 963 3178 Protestantismo
986 3115 1039 3177 ad·

137 3227 285 3300 haerens,
297 3225 388 3290 iectis
399 3225 657 3310 ephemeridibus
673 3224 869 3299 Borussicis‚
883 3223 1012 3312 segrei
1029 3261 1040 3274 -

137 3333 292 3410 rentibus,
309 3339 530 3402 Protestantes
546 3357 609 3401 noo
631 3335 724 3421 prius
741 3356 835 3421 quam
857 3335 1041 3402 catholicos

137 3447 371 3512 immaculatam
386 3449 421 3514 Β.
437 3446 581 3534 Virginis
599 3445 856 3532 conceptionem,
876 3459 941 3512 tam
963 3469 1037 3511 con·

136 3578 249 3644 gruem
267 3557 402 3644 anitiquis
431 3557 569 3647 liturgiis
581 3570 613 3624 et
621 3557 775 3624 divinitati
793 3557 922 3635 Christi,
938 3577 1037 3645 agno·
