2582 4238
545 329 587 395 27

488 487 643 553 XXXVI.

128 590 257 660 Decimo
272 596 367 662 tertio
385 596 436 661 die
453 596 494 660 ad
509 595 684 661 Dominum

127 703 257 770 illustres
273 707 341 783 viri,
359 707 412 794 qui
427 728 532 794 regna
548 706 774 790 gubernabant

123 812 154 877 in
170 813 311 903 Oriente,
329 841 401 882 oum
418 817 631 882 oblationibus
647 816 831 892 veniebant,

122 933 155 1010 ut
169 924 320 992 infantem
338 928 383 992 sie
398 930 606 995 honorarent.

118 1033 234 1123 Elapsb
250 1038 355 1104 sexies

118 1167 175 1210 sex
191 1159 223 1212 et
238 1159 378 1236 quatuor
395 1149 519 1214 dierum
535 1151 660 1236 epoeha

117 1257 226 1322 offerri
242 1259 408 1346 exoptavit
424 1281 483 1346 pro
499 1258 592 1324 nobis

114 1366 211 1433 Jesus
227 1370 298 1460 ipse
312 1371 373 1436 sub
390 1370 500 1458 templi
517 1371 663 1436 arcubus,

485 1563 654 1632 XXXVIL

92 1769 95 1778 .
115 1689 211 1757 Nobis
230 1704 439 1760 consecratus
457 1705 515 1770 est,
532 1718 628 1781 quum
645 1697 729 1780 aqut
743 1693 939 1758 irroraretur

110 1803 318 1887 gubernator
336 1808 499 1873 caelorum
515 1807 723 1896 tricenarius3

109 1915 269 1986 Jordanis
287 1919 371 2006 apud
386 1919 497 1983 latices
514 1941 612 2005 puros

109 2026 283 2094 Johannes
299 2029 446 2117 Baptista
462 2029 601 2094 Domino
619 2028 786 2105 ministrat.

105 2139 171 2207 Hie
188 2141 324 2206 intimus
341 2141 460 2204 amicus
478 2140 559 2207 Jesu
576 2137 698 2205 Christi

108 2261 160 2313 est
177 2274 268 2316 nuno
285 2250 387 2324 testie,
404 2250 518 2314 eodem
535 2249 585 2314 die

102 2361 328 2428 communiter
342 2362 525 2446 fulgentem
542 2361 574 2424 in
589 2359 683 2423 viridi
698 2381 811 2446 eampo

102 2472 171 2538 Dei
189 2472 387 2538 Trinitatem
403 2472 583 2538 hominibus
599 2470 785 2536 innotuisse.

475 2663 663 2728 nunnus.

100 2797 320 2887 Comperior,
338 2819 465 2862 omnem
481 2795 680 2859 intellectum
696 2793 860 2860 hominum

100 2910 265 2984 deficere,
283 2909 409 2996 quando
427 2909 591 2971 celebrare
609 2905 706 2968 debet

98 3019 294 3109 potentiam
312 3019 422 3090 Tuam,
442 3017 580 3080 clemens
597 3015 745 3090 Domine,

98 3131 216 3197 maior
233 3139 282 3193 est
299 3151 336 3193 ea
353 3152 446 3215 quam
464 3128 570 3193 omnia
585 3127 655 3190 alia.

97 3245 158 3305 Sir
180 3242 249 3302 Tibi
263 3242 362 3318 ylario
379 3261 443 3300 eum
458 3261 528 3300 vero
544 3242 710 3318 splendore,

97 3362 235 3414 cantata
251 3356 317 3413 laus
334 3356 369 3412 ab
387 3354 523 3410 omnious
540 3351 663 3426 linquis,

97 3469 139 3528 in
159 3473 314 3524 aeternum
330 3483 396 3521 oum
411 3462 539 3520 victorio
553 3469 581 3518 et
596 3457 790 3535 oaauauiae,

96 3579 211 3636 honor
226 3581 254 3634 et
262 3579 397 3648 potestas
417 3575 480 3634 Tua
496 3587 649 3646 nunquam
664 3566 814 3626 minutus·

761 3678 812 3740 2.
