2582 4238
708 313 729 380 6

264 471 371 536 tudine
396 470 579 546 veritatem,
602 470 724 558 corrigi
750 471 853 556 parati
879 472 952 538 dum
976 470 1166 547 invenerint,

174 633 176 636 .
263 603 328 644 non
345 595 418 646 suut
433 582 515 647 inter
531 583 712 649 haereticos
729 583 927 668 deputandi.“
960 583 1052 661 Quod
1067 584 1097 648 si
1112 605 1163 650 cas

263 692 399 758 thelicus
416 695 518 758 cultus
535 692 626 758 aliter
641 715 680 758 ao
695 693 800 768 bodie,
822 715 917 779 quum
941 694 1076 760 islandis
1099 715 1164 760 non

261 817 356 870 notus
378 817 427 868 est
443 804 503 874 uisi
520 825 578 888 per
593 803 718 889 iniquas
735 815 767 867 et
782 823 937 869 erroneas
953 805 1165 872 fanaticorum

262 916 458 1000 quorundam
489 916 654 980 Danorum
686 915 925 980 lutheranorum
960 915 1164 982 travestatie·

260 1046 319 1090 nes
336 1024 379 1104 *)‚
400 1025 441 1090 iis
463 1025 629 1110 expositus
650 1024 764 1090 luisset
784 1025 866 1100 talis,
888 1025 988 1112 qualis
1013 1047 1091 1091 vere
1113 1039 1165 1092 est

260 1149 293 1201 et
307 1157 432 1220 reapse,
449 1137 568 1201 nullum
590 1136 718 1200 dubium
738 1149 835 1211 esset,
857 1137 931 1222 quin
952 1141 1092 1224 populus
1115 1141 1163 1204 ls-

259 1247 382 1314 landlae
393 1248 487 1322 uitro,
504 1246 780 1330 fervidissimoque
797 1247 902 1312 studio
918 1250 959 1314 ad
976 1249 1093 1316 cultum
1109 1269 1164 1314 eo·

259 1357 375 1426 clasiae
391 1359 565 1433 Romanae,
585 1357 618 1421 in
638 1355 859 1424 traditionibus
877 1378 988 1426 eorum
1001 1359 1161 1446 populari·

257 1471 318 1534 bus
334 1469 436 1546 adhuc
452 1468 625 1556 vigentem,
641 1467 771 1535 rediret.

325 1633 329 1640 ,
347 1578 381 1644 Si
401 1599 471 1645 rem
487 1581 686 1676 solummodo
700 1591 886 1662 spectamus
897 1581 1098 1670 quautumad
1109 1601 1160 1644 re·
1205 1621 1209 1630 ·

256 1688 409 1776 iigiouem
431 1690 558 1766 attinet,
579 1692 711 1755 multum
732 1702 783 1753 est
808 1689 840 1752 in
865 1695 1012 1774 poemate
1037 1702 1160 1765 nostro,

256 1804 342 1888 quod
368 1801 464 1868 etiam
490 1800 585 1866 bodie
610 1799 778 1887 permagni
804 1799 957 1865 momenti
977 1812 1010 1864 et
1036 1821 1161 1892 summa

257 1912 431 1978 attentione
446 1911 577 1998 dignum
593 1931 667 1978 esse
683 1911 839 1986 videatur,
854 1923 921 1980 tum
936 1923 1069 1995 propter
1085 1933 1159 1996 pro·

256 2044 392 2110 gressus
419 2043 500 2108 quos
534 2043 663 2107 semper
694 2020 770 2086 iacit
801 2022 904 2086 cultim
927 2021 1103 2089 catholicus
1119 2020 1167 2102 *),‹

256 2146 323 2198 tum
346 2145 478 2218 propter
504 2131 767 2208 dissolutionem,
794 2152 875 2218 quae
895 2131 1166 2217 protestantismo

256 2244 381 2309 indies
408 2243 512 2332 magis
533 2243 699 2332 magisque
725 2241 877 2317 imminet,
904 2240 995 2306 euius
1017 2243 1167 2344 asseclae

256 2369 288 2421 et
307 2353 570 2440 ,excellentissimi
596 2353 722 2440 quidem
738 2374 850 2444 saepe
876 2354 989 2418 oculos
1009 2351 1041 2418 iu
1063 2353 1159 2420 tradi·

256 2467 359 2531 tiones
374 2465 548 2532 historicas
564 2463 762 2550 antiquarum
778 2464 988 2530 ecclesiarum
1005 2465 1161 2532 islandiae

281 2911 284 2918 '
345 2917 373 2985 ¹⁸¹)
386 2918 456 2969 Vide
468 2916 570 2968 librum
590 2919 718 2971 iiavniae
736 2918 918 2986 publicatum,
932 2919 1157 2990 inscriptumque

255 3014 327 3075 ‚Dea
345 3017 421 3062 rette
442 3011 628 3076 evangeliste
649 3013 756 3078 baare,
777 3010 885 3066 beviiat
902 3014 957 3065 ved
975 3014 1027 3066 deu
1045 3014 1150 3080 beiliga

245 3101 365 3156 ‘Skriits
376 3105 498 3169 tydeiigo
513 3117 550 3169 og
562 3104 699 3157 uieiibare
714 3105 783 3157 0rd.
798 3107 880 3158 (vera
894 3104 1023 3158 doctrina
1036 3119 1160 3170 evange·

256 3193 326 3259 lica,
359 3194 478 3262 probata
504 3195 601 3258 verbis
629 3197 809 3249 evidentibus
840 3203 870 3248 et
900 3198 1092 3251 infallibilibus
1125 3197 1157 3248 8.

258 3287 435 3355 scripturae)
446 3289 573 3340 Hauniae
588 3289 823 3353 ethristianiae,
839 3293 919 3343 1858.

348 3401 372 3470 ⁴⁹)
390 3401 462 3454 Vide
474 3401 601 3454 libellum
615 3404 742 3455 Havniae
755 3404 924 3470 publicatum
934 3403 1158 3468 inscriptumque

258 3495 331 3558 „den
345 3495 511 3560 cbristciige
525 3496 629 3548 Kirkes
644 3497 771 3548 i'iistand
790 3499 797 3549 i
817 3497 865 3548 det
879 3499 921 3547 19.
935 3496 1159 3548 barbuudrede“

259 3586 405 3649 (Conditio
418 3587 558 3641 ecclesiae
573 3590 743 3641 christianae
756 3590 782 3642 in
798 3590 914 3642 saeculo
927 3590 1039 3651 xpxno.)

256 2588 455 2641 convertunt.
471 2579 702 2651 Protestautes,
719 2575 781 2662 qui,
797 2587 990 2660 potestatem
1007 2577 1168 2643 ecelesia.

255 2688 368 2753 sunam
391 2710 463 2752 eum
483 2687 639 2753 saeculari
655 2699 815 2772 potestate
832 2685 1079 2753 commiscentes
1095 2708 1159 2752 uon
