2582 4238
555 341 598 406 29

535 493 635 564 XLII.
718 558 720 564 ,

142 609 278 689 „Sitiens
295 619 354 686 est,
372 619 405 674 et
421 608 558 696 pallidus
570 608 703 695 jejunio,

136 721 213 785 vitat
227 721 334 796 risum,
352 719 410 784 sed
425 728 533 808 potest
549 721 738 807 lacrymare,

136 833 340 920 defatigatur,
357 843 390 896 et
406 841 455 897 est
471 830 582 894 matris
599 830 647 895 sui

133 945 215 1009 laete
232 943 381 1020 nutritus,
400 942 457 1007 sed
473 941 579 1006 fasciis
595 940 765 1006 involutus.

134 1054 284 1138 Intelligo
300 1062 417 1138 tamen,
434 1053 495 1118 hoe
512 1073 622 1117 veram

134 1165 238 1252 ipsam
254 1175 401 1229 naturam
417 1162 646 1228 humanitatem
663 1162 794 1244 testari3
904 1177 907 1182 '

134 1275 228 1362 cupio
246 1297 326 1362 ergo
342 1274 537 1363 protrudere

134 1387 291 1474 spiculum
304 1369 460 1451 meierum
477 1386 593 1450 ineius
609 1386 819 1473 peruiciern.⁶⁶

530 1579 647 1646 XLIII.

140 1713 237 1778 „Mihi
252 1711 390 1789 videtur,
406 1712 506 1776 multo
524 1711 658 1777 celsiore
674 1712 755 1796 loce,

136 1825 221 1912 apud
237 1823 391 1910 inclytum
406 1823 522 1899 Deum,
539 1822 702 1887 Adamum
719 1822 850 1907 sedisse,

136 1946 310 2022 antequam
326 1934 516 2000 seducerem
532 1931 620 1998 iilum
636 1941 669 1998 et
684 1933 794 2007 Evam,
812 1937 906 2000 ambo

136 2048 259 2112 honore
276 2043 429 2134 privatos,
445 2043 478 2107 in
493 2046 644 2110 tenebras
661 2055 695 2110 et
709 2055 862 2120 mortem;

135 2167 262 2221 certum
278 2165 335 2232 est,
350 2153 446 2241 pauci
462 2153 523 2218 sibi
539 2167 656 2221 cavent
672 2181 690 2220 a
707 2156 796 2230 dolie,

136 2267 184 2330 sie
200 2267 297 2332 etiam
312 2265 439 2331 eveniet
455 2264 537 2332 Jesu
551 2264 638 2347 huie;

137 2399 237 2464 quare
254 2377 356 2442 audeo
373 2374 502 2440 fortiter
517 2385 660 2457 tentare3

133 2487 213 2553 olim
229 2498 351 2552 astutus
368 2486 442 2551 fuist
521 2527 522 2532 κ

530 2677 647 2743 XLIV.

135 2809 201 2874 Fili
216 2809 354 2875 Mariae!
378 2810 440 2875 Fili
457 2811 557 2875 clare!

134 2918 199 2985 Fili
216 2916 412 2985 admirabilis
427 2919 490 2985 Dei
507 2931 540 2986 et
556 2921 643 2986 eius!

133 3029 229 3095 Doce
245 3053 296 3095 me
314 3031 435 3098 evitare
453 3033 613 3098 diabolum

133 3142 272 3220 vafrum,
289 3142 346 3206 sed
363 3144 411 3209 Ta
428 3165 545 3221 amare,

134 3255 188 3316 Sit
205 3255 275 3314 Tibi
287 3257 388 3331 qlora‘a
404 3279 471 3318 eum
485 3277 553 3317 aera
570 3261 738 3336 splendore,

133 3372 258 3425 cantata
274 3369 343 3427 laus
359 3370 396 3427 ab
411 3369 549 3428 omnibus
565 3371 687 3446 linquis,

133 3480 171 3536 ia
186 3483 336 3538 aeternum
352 3500 418 3539 cum
433 3479 560 3539 victorid
576 3488 604 3539 et
619 3481 812 3550 beatitudine,
911 3501 913 3506 ¹

127 3593 234 3649 honor
250 3596 278 3648 et
286 3596 421 3664 potestas
440 3593 505 3649 Tua
519 3609 673 3666 nunquam
688 3592 857 3652 minuatur!
