2592 4242
671 311 715 376 22

645 466 736 536 XXI.

239 581 379 648 Mundus
394 589 540 647 mortuus
556 571 775 668 estquidam
791 579 939 647 consilii?

240 691 307 760 Ubi
322 691 493 768 invenitur,
509 690 565 779 qui
580 689 641 756 sibi
655 689 720 779 ipsi
734 688 926 758 subveniat?

197 822 200 829 ·
239 802 405 892 Nuspiam‚
421 826 495 869 nam
511 801 544 867 in
559 811 767 890 peccatorum
782 801 849 869 luto

238 936 315 980 vcro
331 937 413 980 unus
429 914 567 979 alterum
582 903 752 1001 aggravat.

239 1005 349 1093 Unum
364 1035 478 1099 exstat,
494 1024 582 1112 quod
597 1023 776 1112 effumabo,

240 1136 342 1202 debeo
358 1137 539 1224 lacrymans
556 1144 653 1208 stare,

239 1257 275 1312 ut
291 1247 341 1315 Tu
356 1246 435 1336 ipse,
451 1256 567 1335 potens
582 1245 673 1312 Deus

239 1359 409 1424 subvenias
425 1357 615 1431 hominibus,
630 1366 666 1423 ut
680 1356 891 1424 vivificentur.

638 1551 743 1618 XXII.

238 1681 325 1748 Data
341 1695 391 1749 est
405 1683 481 1760 vita,
498 1685 600 1772 qualis
616 1684 687 1751 dari
701 1683 806 1772 potuit
821 1693 855 1748 et
868 1683 991 1750 licitum
1006 1694 1092 1767 erat3

239 1795 314 1860 data
330 1804 380 1859 est
394 1791 467 1867 vita,
484 1817 581 1881 quam
595 1794 704 1862 Adam
720 1793 911 1880 denegavit3

238 1907 307 1972 haec
322 1907 430 1993 gratia
446 1907 619 1974 constituto
636 1918 783 1994 tempore

237 2018 425 2084 mittebatur
441 2018 481 2084 de
498 2017 605 2084 divini
619 2041 726 2106 manu,

237 2140 273 2193 ut
287 2129 395 2194 lumen
409 2129 443 2194 in
458 2129 612 2195 mundum
626 2129 737 2194 vivum
749 2129 884 2207 veniret,

237 2239 344 2305 vivum
360 2249 459 2316 certe,
476 2239 562 2326 quod
578 2239 780 2305 excruciatas
796 2239 917 2304 animas

237 2351 380 2440 eriperet
395 2373 436 2417 ex
452 2349 653 2417 diabolorum
668 2351 775 2433 foram

237 2463 342 2548 gloria
357 2467 404 2547 (oz
420 2467 494 2546 rex)
510 2463 701 2550 angelorum
716 2463 778 2528 hoc
794 2462 912 2527 effecit.

625 2655 745 2726 XXIII.

236 2789 439 2856 Accenditur
453 2798 531 2875 tota,
548 2799 581 2854 et
596 2790 790 2876 eloquenter
800 2788 941 2874 lenuitur

236 2901 348 2987 lingua
363 2899 491 2966 moade
506 2899 647 2966 Domino
664 2913 736 2981 s'u03
851 2939 853 2946 ‚
930 2913 933 2918 '

237 3013 277 3077 de
294 3011 454 3082 miraculis
470 3031 588 3078 canere
605 3011 702 3078 debet
779 3033 820 3064 ··

236 3125 303 3190 eius
320 3124 374 3212 qui
390 3121 592 3212 amplectitur
607 3122 745 3188 mundos
759 3132 838 3188 tres.

234 3237 423 3303 Incurvatus
440 3246 473 3301 et
488 3235 673 3300 vulneratus
689 3233 722 3299 in
738 3234 942 3302 damnatione
959 3258 1073 3308 essem,

235 3358 269 3414 et
284 3347 317 3413 in
332 3347 458 3414 vinculo
475 3347 604 3414 omnino
620 3346 722 3411 infimi
737 3345 863 3424 diaboli
1039 3351 1041 3356 ’
1147 3324 1149 3330 ,

235 3458 296 3523 nisi
313 3459 397 3523 salus
413 3458 477 3524 Dei
491 3461 586 3540 bona,

236 3571 310 3635 data
325 3580 444 3654 terrae,
460 3591 511 3636 me
526 3569 738 3635 liberavisset.
