<?xml version="1.0" encoding="UTF-8"?>
<!DOCTYPE html PUBLIC "-//W3C//DTD XHTML 1.0 Transitional//EN"
    "http://www.w3.org/TR/xhtml1/DTD/xhtml1-transitional.dtd">
<html xmlns="http://www.w3.org/1999/xhtml" xml:lang="en" lang="en">
 <head>
  <title>
</title>
<meta http-equiv="Content-Type" content="text/html;charset=utf-8" />
  <meta name='ocr-system' content='tesseract 3.04.00' />
  <meta name='ocr-capabilities' content='ocr_page ocr_carea ocr_par ocr_line ocrx_word'/>
</head>
<body>
  <div class='ocr_page' id='page_1' title='image "./lilium00sggoog_0046.png"; bbox 0 0 2582 4238; ppageno 0'>
   <div class='ocr_carea' id='block_1_1' title="bbox 496 335 677 560">
    <p class='ocr_par' dir='ltr' id='par_1_1' title="bbox 496 335 677 560">
     <span class='ocr_line' id='line_1_1' title="bbox 554 335 595 400; baseline 0 0"><span class='ocrx_word' id='word_1_1' title='bbox 554 335 595 400; x_wconf 88' lang='grc'><strong>41</strong></span> 
     </span>
     <span class='ocr_line' id='line_1_2' title="bbox 496 491 677 560; baseline 0 -2"><span class='ocrx_word' id='word_1_2' title='bbox 496 491 677 560; x_wconf 87' lang='lat' dir='ltr'><strong>LXXVIH.</strong></span> 
     </span>
    </p>
   </div>
   <div class='ocr_carea' id='block_1_2' title="bbox 139 603 975 1470">
    <p class='ocr_par' dir='ltr' id='par_1_2' title="bbox 146 603 738 692">
     <span class='ocr_line' id='line_1_3' title="bbox 146 603 738 692; baseline -0.002 -23"><span class='ocrx_word' id='word_1_3' title='bbox 146 603 287 692; x_wconf 83' lang='lat' dir='ltr'><strong>infigitur</strong></span> <span class='ocrx_word' id='word_1_4' title='bbox 302 627 398 692; x_wconf 81' lang='lat' dir='ltr'><strong>saepe</strong></span> <span class='ocrx_word' id='word_1_5' title='bbox 415 605 447 668; x_wconf 91' lang='lat' dir='ltr'><strong>in</strong></span> <span class='ocrx_word' id='word_1_6' title='bbox 463 605 573 670; x_wconf 90' lang='lat' dir='ltr'>nimbo</span> <span class='ocrx_word' id='word_1_7' title='bbox 591 605 738 670; x_wconf 86' lang='lat' dir='ltr'><strong>vitiorum</strong></span> 
     </span>
    </p>

    <p class='ocr_par' dir='ltr' id='par_1_3' title="bbox 144 716 689 803">
     <span class='ocr_line' id='line_1_4' title="bbox 144 716 689 803; baseline 0 -22"><span class='ocrx_word' id='word_1_8' title='bbox 144 718 214 803; x_wconf 84' lang='lat' dir='ltr'><strong>gelu</strong></span> <span class='ocrx_word' id='word_1_9' title='bbox 230 716 379 782; x_wconf 81' lang='lat' dir='ltr'><strong>avaritiae</strong></span> <span class='ocrx_word' id='word_1_10' title='bbox 396 717 428 780; x_wconf 91' lang='lat' dir='ltr'><strong>iu</strong></span> <span class='ocrx_word' id='word_1_11' title='bbox 452 739 523 781; x_wconf 91' lang='lat' dir='ltr'><strong>meo</strong></span> <span class='ocrx_word' id='word_1_12' title='bbox 540 725 689 803; x_wconf 80' lang='lat' dir='ltr'><strong>pectore3</strong></span> 
     </span>
    </p>

    <p class='ocr_par' dir='ltr' id='par_1_4' title="bbox 139 819 975 1470">
     <span class='ocr_line' id='line_1_5' title="bbox 143 819 909 911; baseline 0.004 -22"><span class='ocrx_word' id='word_1_13' title='bbox 143 829 295 893; x_wconf 83' lang='lat' dir='ltr'><strong>voracitas</strong></span> <span class='ocrx_word' id='word_1_14' title='bbox 311 819 467 894; x_wconf 85' lang='lat' dir='ltr'><strong>interimit</strong></span> <span class='ocrx_word' id='word_1_15' title='bbox 484 835 566 909; x_wconf 89' lang='lat' dir='ltr'><strong>(mc)</strong></span> <span class='ocrx_word' id='word_1_16' title='bbox 584 829 758 894; x_wconf 80' lang='lat' dir='ltr'>sceleribus</span> <span class='ocrx_word' id='word_1_17' title='bbox 775 828 909 911; x_wconf 85' lang='lat' dir='ltr'>crebris,</span> 
     </span>
     <span class='ocr_line' id='line_1_6' title="bbox 141 938 964 1027; baseline 0.002 -27"><span class='ocrx_word' id='word_1_18' title='bbox 141 938 251 1005; x_wconf 81' lang='lat' dir='ltr'><strong>infodit</strong></span> <span class='ocrx_word' id='word_1_19' title='bbox 267 962 302 1005; x_wconf 93' lang='lat' dir='ltr'><strong>se</strong></span> <span class='ocrx_word' id='word_1_20' title='bbox 319 940 372 1004; x_wconf 85' lang='lat' dir='ltr'><strong>hic</strong></span> <span class='ocrx_word' id='word_1_21' title='bbox 389 945 421 1024; x_wconf 81' lang='lat' dir='ltr'><strong>(o</strong></span> <span class='ocrx_word' id='word_1_22' title='bbox 437 964 445 1004; x_wconf 73' lang='grc' dir='ltr'><strong><em>ι</em></strong></span> <span class='ocrx_word' id='word_1_23' title='bbox 464 940 496 1005; x_wconf 94' lang='lat' dir='ltr'><strong>in</strong></span> <span class='ocrx_word' id='word_1_24' title='bbox 512 944 639 1027; x_wconf 89' lang='lat' dir='ltr'><strong>pectus)</strong></span> <span class='ocrx_word' id='word_1_25' title='bbox 656 942 844 1027; x_wconf 81' lang='lat' dir='ltr'><strong>harpagone</strong></span> <span class='ocrx_word' id='word_1_26' title='bbox 861 940 964 1003; x_wconf 87' lang='lat' dir='ltr'><strong>firmo.</strong></span> 
     </span>
     <span class='ocr_line' id='line_1_7' title="bbox 140 1050 866 1118; baseline -0.001 -3"><span class='ocrx_word' id='word_1_27' title='bbox 140 1050 337 1117; x_wconf 82' lang='lat' dir='ltr'><strong>Horribilem</strong></span> <span class='ocrx_word' id='word_1_28' title='bbox 352 1051 385 1115; x_wconf 94' lang='lat' dir='ltr'><strong>in</strong></span> <span class='ocrx_word' id='word_1_29' title='bbox 400 1052 532 1118; x_wconf 90' lang='lat' dir='ltr'><strong>modum</strong></span> <span class='ocrx_word' id='word_1_30' title='bbox 548 1056 646 1116; x_wconf 79' lang='lat' dir='ltr'><strong>cecct</strong></span> <span class='ocrx_word' id='word_1_31' title='bbox 662 1050 866 1116; x_wconf 72' lang='lat' dir='ltr'><strong>conniventid</strong></span> 
     </span>
     <span class='ocr_line' id='line_1_8' title="bbox 141 1158 904 1250; baseline -0.003 -25"><span class='ocrx_word' id='word_1_32' title='bbox 141 1162 298 1250; x_wconf 75' lang='lat' dir='ltr'><strong>decipitur</strong></span> <span class='ocrx_word' id='word_1_33' title='bbox 313 1183 389 1226; x_wconf 84' lang='lat' dir='ltr'><strong>caro</strong></span> <span class='ocrx_word' id='word_1_34' title='bbox 406 1160 439 1224; x_wconf 94' lang='lat' dir='ltr'><strong>in</strong></span> <span class='ocrx_word' id='word_1_35' title='bbox 454 1158 568 1224; x_wconf 84' lang='lat' dir='ltr'><strong>mortis</strong></span> <span class='ocrx_word' id='word_1_36' title='bbox 584 1160 904 1239; x_wconf 69' lang='lat' dir='ltr'><strong>contaminationem</strong></span> 
     </span>
     <span class='ocr_line' id='line_1_9' title="bbox 141 1271 829 1358; baseline -0.001 -21"><span class='ocrx_word' id='word_1_37' title='bbox 141 1274 346 1340; x_wconf 83' lang='lat' dir='ltr'><strong>contristatus</strong></span> <span class='ocrx_word' id='word_1_38' title='bbox 363 1293 405 1336; x_wconf 89' lang='lat' dir='ltr'><strong>ex</strong></span> <span class='ocrx_word' id='word_1_39' title='bbox 421 1271 480 1356; x_wconf 86' lang='lat' dir='ltr'><strong>his,</strong></span> <span class='ocrx_word' id='word_1_40' title='bbox 497 1271 651 1336; x_wconf 83' lang='lat' dir='ltr'><strong>deberem</strong></span> <span class='ocrx_word' id='word_1_41' title='bbox 667 1295 829 1358; x_wconf 86' lang='lat' dir='ltr'><strong>nunquam</strong></span> 
     </span>
     <span class='ocr_line' id='line_1_10' title="bbox 139 1382 975 1470; baseline 0 -22"><span class='ocrx_word' id='word_1_42' title='bbox 139 1404 269 1449; x_wconf 86' lang='lat' dir='ltr'><strong>securus</strong></span> <span class='ocrx_word' id='word_1_43' title='bbox 286 1405 367 1468; x_wconf 82' lang='lat' dir='ltr'><strong>esse,</strong></span> <span class='ocrx_word' id='word_1_44' title='bbox 384 1384 528 1470; x_wconf 84' lang='lat' dir='ltr'><strong>quemvis</strong></span> <span class='ocrx_word' id='word_1_45' title='bbox 545 1382 766 1449; x_wconf 83' lang='lat' dir='ltr'><strong>misericordis</strong></span> <span class='ocrx_word' id='word_1_46' title='bbox 782 1384 975 1450; x_wconf 81' lang='lat' dir='ltr'><strong>consoletur.</strong></span> 
     </span>
    </p>
   </div>
   <div class='ocr_carea' id='block_1_3' title="bbox 513 1574 665 1640">
    <p class='ocr_par' dir='ltr' id='par_1_5' title="bbox 513 1574 665 1640">
     <span class='ocr_line' id='line_1_11' title="bbox 513 1574 665 1640; baseline 0 0"><span class='ocrx_word' id='word_1_47' title='bbox 513 1574 665 1640; x_wconf 86' lang='lat' dir='ltr'><strong>LXXIX.</strong></span> 
     </span>
    </p>
   </div>
   <div class='ocr_carea' id='block_1_4' title="bbox 135 1705 723 2134">
    <p class='ocr_par' dir='ltr' id='par_1_6' title="bbox 135 1705 723 2134">
     <span class='ocr_line' id='line_1_12' title="bbox 140 1705 636 1797; baseline -0.002 -24"><span class='ocrx_word' id='word_1_48' title='bbox 140 1705 294 1776; x_wconf 80' lang='lat' dir='ltr'><strong>Condons</strong></span> <span class='ocrx_word' id='word_1_49' title='bbox 309 1710 395 1784; x_wconf 81' lang='lat' dir='ltr'><strong>mihi,</strong></span> <span class='ocrx_word' id='word_1_50' title='bbox 411 1719 505 1797; x_wconf 85' lang='lat' dir='ltr'><strong>pater</strong></span> <span class='ocrx_word' id='word_1_51' title='bbox 523 1709 636 1774; x_wconf 88' lang='lat' dir='ltr'><strong>dulcis!</strong></span> 
     </span>
     <span class='ocr_line' id='line_1_13' title="bbox 138 1820 664 1909; baseline 0.002 -24"><span class='ocrx_word' id='word_1_52' title='bbox 138 1821 284 1887; x_wconf 80' lang='lat' dir='ltr'><strong>condona</strong></span> <span class='ocrx_word' id='word_1_53' title='bbox 298 1820 386 1900; x_wconf 87' lang='lat' dir='ltr'><strong>mihi,</strong></span> <span class='ocrx_word' id='word_1_54' title='bbox 403 1821 575 1909; x_wconf 76' lang='lat' dir='ltr'><strong>deplorare</strong></span> <span class='ocrx_word' id='word_1_55' title='bbox 591 1821 664 1886; x_wconf 87' lang='lat' dir='ltr'><strong>volo</strong></span> 
     </span>
     <span class='ocr_line' id='line_1_14' title="bbox 135 1933 723 2020; baseline 0.003 -24"><span class='ocrx_word' id='word_1_56' title='bbox 135 1936 243 2012; x_wconf 80' lang='lat' dir='ltr'><strong>verba,</strong></span> <span class='ocrx_word' id='word_1_57' title='bbox 260 1933 473 2020; x_wconf 85' lang='lat' dir='ltr'><strong>cogitationes</strong></span> <span class='ocrx_word' id='word_1_58' title='bbox 490 1943 522 1998; x_wconf 90' lang='lat' dir='ltr'><strong>et</strong></span> <span class='ocrx_word' id='word_1_59' title='bbox 538 1934 622 1998; x_wconf 83' lang='lat' dir='ltr'><strong>male</strong></span> <span class='ocrx_word' id='word_1_60' title='bbox 638 1934 723 1998; x_wconf 79' lang='lat' dir='ltr'><strong>facta</strong></span> 
     </span>
     <span class='ocr_line' id='line_1_15' title="bbox 135 2045 709 2134; baseline 0.009 -27"><span class='ocrx_word' id='word_1_61' title='bbox 135 2045 332 2134; x_wconf 86' lang='lat' dir='ltr'><strong>suppliciter,</strong></span> <span class='ocrx_word' id='word_1_62' title='bbox 349 2055 381 2110; x_wconf 87' lang='lat' dir='ltr'><strong>et</strong></span> <span class='ocrx_word' id='word_1_63' title='bbox 398 2045 544 2130; x_wconf 84' lang='lat' dir='ltr'><strong>effugere</strong></span> <span class='ocrx_word' id='word_1_64' title='bbox 560 2055 709 2112; x_wconf 88' lang='lat' dir='ltr'><strong>mortem.</strong></span> 
     </span>
    </p>
   </div>
   <div class='ocr_carea' id='block_1_5' title="bbox 133 2156 881 2555">
    <p class='ocr_par' dir='ltr' id='par_1_7' title="bbox 133 2156 881 2555">
     <span class='ocr_line' id='line_1_16' title="bbox 133 2156 732 2244; baseline -0.002 -24"><span class='ocrx_word' id='word_1_65' title='bbox 133 2156 224 2244; x_wconf 81' lang='lat' dir='ltr'><strong>Ergo</strong></span> <span class='ocrx_word' id='word_1_66' title='bbox 243 2156 340 2242; x_wconf 86' lang='lat' dir='ltr'><strong>lugeo</strong></span> <span class='ocrx_word' id='word_1_67' title='bbox 358 2177 442 2220; x_wconf 89' lang='lat' dir='ltr'><strong>nunc</strong></span> <span class='ocrx_word' id='word_1_68' title='bbox 460 2156 548 2220; x_wconf 82' lang='lat' dir='ltr'><strong>Tuos</strong></span> <span class='ocrx_word' id='word_1_69' title='bbox 565 2156 605 2220; x_wconf 89' lang='lat' dir='ltr'><strong>ad</strong></span> <span class='ocrx_word' id='word_1_70' title='bbox 622 2157 732 2242; x_wconf 88' lang='lat' dir='ltr'><strong>pedes,</strong></span> 
     </span>
     <span class='ocr_line' id='line_1_17' title="bbox 135 2265 819 2352; baseline -0.006 -20"><span class='ocrx_word' id='word_1_71' title='bbox 135 2268 272 2332; x_wconf 83' lang='lat' dir='ltr'><strong>afflictus</strong></span> <span class='ocrx_word' id='word_1_72' title='bbox 289 2275 321 2329; x_wconf 93' lang='lat' dir='ltr'><strong>et</strong></span> <span class='ocrx_word' id='word_1_73' title='bbox 338 2265 539 2352; x_wconf 81' lang='lat' dir='ltr'><strong>excruciatus</strong></span> <span class='ocrx_word' id='word_1_74' title='bbox 556 2266 703 2330; x_wconf 70' lang='lat' dir='ltr'><strong>molestie</strong></span> <span class='ocrx_word' id='word_1_75' title='bbox 720 2266 819 2347; x_wconf 77' lang='lat' dir='ltr'><strong>dictd3</strong></span> 
     </span>
     <span class='ocr_line' id='line_1_18' title="bbox 134 2377 881 2465; baseline 0 -23"><span class='ocrx_word' id='word_1_76' title='bbox 134 2378 294 2444; x_wconf 86' lang='lat' dir='ltr'><strong>emollitus</strong></span> <span class='ocrx_word' id='word_1_77' title='bbox 310 2388 343 2442; x_wconf 86' lang='lat' dir='ltr'><strong>et</strong></span> <span class='ocrx_word' id='word_1_78' title='bbox 359 2377 492 2465; x_wconf 87' lang='lat' dir='ltr'><strong>pavidus</strong></span> <span class='ocrx_word' id='word_1_79' title='bbox 509 2399 559 2442; x_wconf 89' lang='lat' dir='ltr'><strong>me</strong></span> <span class='ocrx_word' id='word_1_80' title='bbox 576 2377 721 2464; x_wconf 80' lang='lat' dir='ltr'><strong>indigum</strong></span> <span class='ocrx_word' id='word_1_81' title='bbox 738 2400 881 2464; x_wconf 84' lang='lat' dir='ltr'><strong>agnosco</strong></span> 
     </span>
     <span class='ocr_line' id='line_1_19' title="bbox 134 2488 748 2555; baseline 0.002 -1"><span class='ocrx_word' id='word_1_82' title='bbox 134 2490 226 2554; x_wconf 84' lang='lat' dir='ltr'><strong>Tuae</strong></span> <span class='ocrx_word' id='word_1_83' title='bbox 244 2488 431 2554; x_wconf 81' lang='lat' dir='ltr'><strong>clementiae</strong></span> <span class='ocrx_word' id='word_1_84' title='bbox 448 2489 481 2552; x_wconf 89' lang='lat' dir='ltr'><strong>in</strong></span> <span class='ocrx_word' id='word_1_85' title='bbox 498 2495 652 2553; x_wconf 67' lang='lat' dir='ltr'><strong>eorumne</strong></span> <span class='ocrx_word' id='word_1_86' title='bbox 667 2494 748 2555; x_wconf 74' lang='lat' dir='ltr'><strong>med.</strong></span> 
     </span>
    </p>
   </div>
   <div class='ocr_carea' id='block_1_6' title="bbox 517 2681 657 2750">
    <p class='ocr_par' dir='ltr' id='par_1_8' title="bbox 517 2681 657 2750">
     <span class='ocr_line' id='line_1_20' title="bbox 517 2681 657 2750; baseline 0.029 -5"><span class='ocrx_word' id='word_1_87' title='bbox 517 2681 657 2750; x_wconf 89' lang='lat' dir='ltr'><strong>LXXX.</strong></span> 
     </span>
    </p>
   </div>
   <div class='ocr_carea' id='block_1_7' title="bbox 132 2813 939 3673">
    <p class='ocr_par' dir='ltr' id='par_1_9' title="bbox 137 2813 709 2901">
     <span class='ocr_line' id='line_1_21' title="bbox 137 2813 709 2901; baseline -0.003 -21"><span class='ocrx_word' id='word_1_88' title='bbox 137 2816 327 2901; x_wconf 82' lang='lat' dir='ltr'><strong>&#39;Pantopere</strong></span> <span class='ocrx_word' id='word_1_89' title='bbox 345 2815 449 2901; x_wconf 89' lang='lat' dir='ltr'><strong>cupio,</strong></span> <span class='ocrx_word' id='word_1_90' title='bbox 466 2837 484 2878; x_wconf 94' lang='lat' dir='ltr'><strong>o</strong></span> <span class='ocrx_word' id='word_1_91' title='bbox 502 2814 602 2878; x_wconf 90' lang='lat' dir='ltr'><strong>dulcis</strong></span> <span class='ocrx_word' id='word_1_92' title='bbox 619 2813 709 2897; x_wconf 81' lang='lat' dir='ltr'><strong>deso,</strong></span> 
     </span>
    </p>

    <p class='ocr_par' dir='ltr' id='par_1_10' title="bbox 132 2925 939 3235">
     <span class='ocr_line' id='line_1_22' title="bbox 132 2925 939 3013; baseline -0.001 -23"><span class='ocrx_word' id='word_1_93' title='bbox 132 2936 341 3013; x_wconf 79' lang='lat' dir='ltr'><strong>peccatorum</strong></span> <span class='ocrx_word' id='word_1_94' title='bbox 357 2925 587 2997; x_wconf 87' lang='lat' dir='ltr'><strong>remissionem,</strong></span> <span class='ocrx_word' id='word_1_95' title='bbox 603 2937 638 2989; x_wconf 93' lang='lat' dir='ltr'><strong>ut</strong></span> <span class='ocrx_word' id='word_1_96' title='bbox 654 2947 766 2991; x_wconf 89' lang='lat' dir='ltr'><strong>eorum</strong></span> <span class='ocrx_word' id='word_1_97' title='bbox 782 2925 939 3011; x_wconf 82' lang='lat' dir='ltr'><strong>imagines</strong></span> 
     </span>
     <span class='ocr_line' id='line_1_23' title="bbox 133 3035 777 3122; baseline 0.002 -22"><span class='ocrx_word' id='word_1_98' title='bbox 133 3036 305 3102; x_wconf 85' lang='lat' dir='ltr'><strong>videantur</strong></span> <span class='ocrx_word' id='word_1_99' title='bbox 320 3035 407 3120; x_wconf 83' lang='lat' dir='ltr'><strong>mihi,</strong></span> <span class='ocrx_word' id='word_1_100' title='bbox 424 3059 462 3100; x_wconf 84' lang='lat' dir='ltr'><strong>ec</strong></span> <span class='ocrx_word' id='word_1_101' title='bbox 478 3035 506 3099; x_wconf 88' lang='lat' dir='ltr'><strong>si</strong></span> <span class='ocrx_word' id='word_1_102' title='bbox 515 3035 624 3121; x_wconf 85' lang='lat' dir='ltr'><strong>jaceat</strong></span> <span class='ocrx_word' id='word_1_103' title='bbox 640 3047 777 3122; x_wconf 85' lang='lat' dir='ltr'><strong>turgens</strong></span> 
     </span>
     <span class='ocr_line' id='line_1_24' title="bbox 132 3147 794 3235; baseline -0.003 -22"><span class='ocrx_word' id='word_1_104' title='bbox 132 3147 296 3235; x_wconf 84' lang='lat' dir='ltr'><strong>serpentis</strong></span> <span class='ocrx_word' id='word_1_105' title='bbox 312 3169 472 3213; x_wconf 90' lang='lat' dir='ltr'><strong>venenum</strong></span> <span class='ocrx_word' id='word_1_106' title='bbox 488 3147 610 3212; x_wconf 89' lang='lat' dir='ltr'><strong>circum</strong></span> <span class='ocrx_word' id='word_1_107' title='bbox 627 3169 683 3212; x_wconf 91' lang='lat' dir='ltr'><strong>cor</strong></span> <span class='ocrx_word' id='word_1_108' title='bbox 697 3149 794 3213; x_wconf 87' lang='lat' dir='ltr'><strong>intus.</strong></span> 
     </span>
    </p>

    <p class='ocr_par' dir='ltr' id='par_1_11' title="bbox 133 3256 793 3346">
     <span class='ocr_line' id='line_1_25' title="bbox 133 3256 793 3346; baseline -0.002 -24"><span class='ocrx_word' id='word_1_109' title='bbox 133 3259 228 3324; x_wconf 87' lang='lat' dir='ltr'><strong>Mitte</strong></span> <span class='ocrx_word' id='word_1_110' title='bbox 246 3260 308 3326; x_wconf 89' lang='lat' dir='ltr'><strong>huc</strong></span> <span class='ocrx_word' id='word_1_111' title='bbox 324 3259 403 3322; x_wconf 93' lang='lat' dir='ltr'><strong>mihi</strong></span> <span class='ocrx_word' id='word_1_112' title='bbox 418 3258 635 3346; x_wconf 89' lang='lat' dir='ltr'><strong>septemplicis</strong></span> <span class='ocrx_word' id='word_1_113' title='bbox 653 3256 793 3345; x_wconf 70' lang='lat' dir='ltr'><strong>Spiritus</strong></span> 
     </span>
    </p>

    <p class='ocr_par' dir='ltr' id='par_1_12' title="bbox 134 3369 762 3455">
     <span class='ocr_line' id='line_1_26' title="bbox 134 3369 762 3455; baseline 0.002 -22"><span class='ocrx_word' id='word_1_114' title='bbox 134 3392 247 3434; x_wconf 88' lang='lat' dir='ltr'><strong>verum</strong></span> <span class='ocrx_word' id='word_1_115' title='bbox 265 3369 391 3441; x_wconf 86' lang='lat' dir='ltr'><strong>donum,</strong></span> <span class='ocrx_word' id='word_1_116' title='bbox 410 3369 496 3455; x_wconf 85' lang='lat' dir='ltr'><strong>quod</strong></span> <span class='ocrx_word' id='word_1_117' title='bbox 511 3370 628 3434; x_wconf 87' lang='lat' dir='ltr'><strong>liberet</strong></span> <span class='ocrx_word' id='word_1_118' title='bbox 644 3393 662 3432; x_wconf 80' lang='lat' dir='ltr'>a</span> <span class='ocrx_word' id='word_1_119' title='bbox 678 3370 762 3434; x_wconf 85' lang='lat' dir='ltr'><strong>melo</strong></span> 
     </span>
    </p>

    <p class='ocr_par' dir='ltr' id='par_1_13' title="bbox 134 3479 619 3563">
     <span class='ocr_line' id='line_1_27' title="bbox 134 3479 619 3563; baseline -0.004 -19"><span class='ocrx_word' id='word_1_120' title='bbox 134 3503 241 3544; x_wconf 82' lang='lat' dir='ltr'><strong>meam</strong></span> <span class='ocrx_word' id='word_1_121' title='bbox 257 3479 403 3563; x_wconf 81' lang='lat' dir='ltr'><strong>animam,</strong></span> <span class='ocrx_word' id='word_1_122' title='bbox 421 3488 456 3542; x_wconf 88' lang='lat' dir='ltr'><strong>ut</strong></span> <span class='ocrx_word' id='word_1_123' title='bbox 471 3479 619 3551; x_wconf 81' lang='lat' dir='ltr'><strong>serviam,</strong></span> 
     </span>
    </p>

    <p class='ocr_par' dir='ltr' id='par_1_14' title="bbox 135 3590 769 3673">
     <span class='ocr_line' id='line_1_28' title="bbox 135 3590 769 3673; baseline 0 -18"><span class='ocrx_word' id='word_1_124' title='bbox 135 3590 257 3656; x_wconf 82' lang='lat' dir='ltr'><strong>Mariae</strong></span> <span class='ocrx_word' id='word_1_125' title='bbox 273 3591 347 3673; x_wconf 85' lang='lat' dir='ltr'><strong>flos,</strong></span> <span class='ocrx_word' id='word_1_126' title='bbox 366 3613 474 3656; x_wconf 86' lang='lat' dir='ltr'><strong>coram</strong></span> <span class='ocrx_word' id='word_1_127' title='bbox 492 3591 563 3655; x_wconf 83' lang='lat' dir='ltr'><strong>Tus</strong></span> <span class='ocrx_word' id='word_1_128' title='bbox 579 3590 769 3655; x_wconf 84' lang='lat' dir='ltr'><strong>maiestate.</strong></span> 
     </span>
    </p>
   </div>
   <div class='ocr_carea' id='block_1_8' title="bbox 0 0 1296 4238">
    <p class='ocr_par' dir='ltr' id='par_1_15' title="bbox 0 0 1296 4238">
     <span class='ocr_line' id='line_1_29' title="bbox 0 0 1296 4238; baseline 0 3"><span class='ocrx_word' id='word_1_129' title='bbox 0 0 1296 4238; x_wconf 95' lang='lat' dir='ltr'><strong> </strong></span> 
     </span>
    </p>
   </div>
  </div>
 </body>
</html>
