2592 4242
508 377 509 380 =
569 335 611 399 47

525 490 644 561 XOVL

146 605 175 674 O
194 605 346 671 crucifixa
360 605 408 669 vis
426 604 608 677 celsissima,

148 717 292 798 Christe,
303 740 399 803 quem
416 726 553 802 quatuor
570 715 651 780 olavi
668 715 911 787 transfixerunt,

139 829 215 894 Tibi
231 829 333 894 offero
350 837 382 892 et
399 828 488 892 Tuae
503 827 598 890 matri

139 945 201 1008 hoo
222 961 310 1028 opus,
325 938 410 1026 quod
426 938 459 1002 in
474 959 573 1002 unum
583 938 688 1001 locum
700 924 905 1018 (arcumen)
917 937 1041 1023 redegi,

141 1053 233 1116 Tunc
252 1050 356 1121 facite,
373 1058 408 1112 ut
424 1051 541 1113 horum
557 1049 696 1112 fructum
712 1048 889 1134 percipiam

141 1163 230 1227 arcte
245 1160 420 1246 ligatorum
440 1157 591 1222 carminis
608 1160 790 1230 verborum,

142 1297 215 1338 cum
231 1272 297 1336 Vos
313 1271 463 1336 videbitis
479 1269 542 1334 mci
557 1271 694 1335 maxime
711 1271 834 1334 reterre

69 1468 72 1474 Υ
143 1394 178 1448 ut
195 1383 300 1456 anima
315 1405 387 1446 mea
403 1381 739 1468 effugiatcruciatum.

529 1571 663 1642 XCVII.
746 1628 748 1634 .

145 1707 295 1774 Gaudete
312 1729 406 1790 nune,
422 1705 587 1770 hominnm
602 1715 736 1782 turmae,
768 1723 771 1728 ·

145 1841 252 1907 spero,
271 1818 356 1904 quod
373 1817 405 1880 in
423 1817 571 1881 carminis
588 1815 684 1880 modo

144 1914 201 1996 vos
218 1929 404 2016 ignoscatis,
421 1927 564 2014 quamvis
581 1949 660 2014 opus
677 1929 777 1992 hocce

147 2040 381 2106 elaboraverim
397 2038 510 2110 minue,
527 2061 622 2122 quam
639 2038 773 2123 dignum
788 2039 889 2103 visum
906 2040 1008 2110 fuerit,

146 2152 285 2216 Maxime
302 2153 412 2223 refert,
430 2159 464 2214 ut
481 2149 619 2213 cuiusvis
636 2148 792 2214 sermonis

146 2265 388 2328 fundamentum
404 2272 530 2327 rectum
546 2261 695 2347 eligatur,

150 2376 288 2450 obscura
306 2373 447 2460 quamvis
464 2373 576 2438 Eddae
593 2373 707 2458 regula
769 2351 771 2356 ,

151 2486 360 2572 exceptiones
378 2486 474 2548 faciat
490 2484 662 2556 interdum.

525 2675 672 2744 XOVHI.
702 2717 704 2720 -

151 2810 216 2890 Qui
232 2819 371 2874 metrum
387 2810 518 2878 difficile
534 2811 635 2896 eligit,
733 2873 736 2878 Α

150 2920 244 3005 eligit
260 2920 367 2993 multa,
384 2920 416 2983 in
433 2921 575 2984 carmine
591 2922 779 3008 promenda,

152 3033 290 3102 obscura
306 3040 453 3095 veterum
469 3033 577 3103 verba,
600 3042 635 3094 ut
651 3034 703 3095 vix
719 3032 842 3120 possint
858 3026 1028 3100 numerarl,

153 3140 237 3230 quod
254 3141 332 3204 mihi
347 3142 474 3205 videtur
490 3142 687 3208 intellectum
702 3143 867 3230 impedire.
941 3132 943 3135 ¹

154 3252 221 3330 Sed
237 3253 289 3318 hic
306 3252 399 3316 facile
416 3253 502 3316 clara
517 3254 617 3316 verba
632 3254 769 3340 intelligi
784 3263 926 3340 possunt,

153 3365 333 3452 percipiant
348 3372 463 3448 gentes
479 3386 583 3427 meam
599 3365 804 3448 voluntatem,
886 3429 887 3432 ,

154 3458 333 3544 orationem
350 3474 527 3561 simplicem
542 3475 700 3554 benevole
715 3474 906 3556 exhibitam5

154 3587 236 3661 volo,
253 3596 288 3658 ut
304 3609 435 3652 carmen
452 3586 631 3672 appelletur
646 3589 770 3657 Litium,
