2582 4238
196 1068 350 1206 poema
370 1141 482 1216 hocce,
499 1141 595 1207 titulo
610 1141 685 1207 lilii
705 1142 902 1232 insignitum,
920 1168 1005 1212 com·

103 1257 246 1342 positum
262 1252 359 1330 estin
375 1255 532 1318 honorem
553 1253 632 1330 eins,
653 1275 746 1340 quam
763 1270 895 1322 sanctus
911 1257 1005 1344 spiri-

102 1379 156 1433 tus
173 1373 237 1448 (ev.
248 1369 282 1431 S.
292 1365 415 1446 Lucae)
432 1362 508 1429 dicit
523 1366 562 1430 ab
579 1364 727 1431 omnibus
743 1367 1006 1454 generationibus
1092 1377 1094 1383 '

102 1477 279 1542 vocandam
308 1495 382 1541 esse
409 1476 547 1540 Beatam.
593 1476 666 1541 Non
692 1476 821 1542 dubium
846 1493 907 1556 est,
929 1480 1005 1567 quin

104 1586 217 1652 mirum
246 1586 278 1651 in
309 1587 439 1652 modum
459 1587 686 1652 delectaturum
711 1587 754 1652 sit
775 1610 869 1674 qnnm
892 1613 1004 1659 omnes

102 1699 262 1764 literarum
272 1697 540 1783 historiarumque
549 1696 654 1762 studio
663 1697 872 1772 deditos,tnm
881 1703 1002 1786 praeci-

99 1831 161 1894 pne
182 1830 251 1885 eos,
271 1809 324 1895 qni
345 1809 542 1874 incrementa
567 1809 723 1875 ecclesiae
745 1810 930 1887 catholicae,
951 1834 1000 1877 sa·

100 1923 197 1986 tutem
211 1919 339 1985 hnmani
354 1919 486 2008 generis
509 1932 574 1986 tam
599 1920 709 1986 intime
731 1922 912 2010 tangentia,
941 1924 1002 2010 piis

16 2063 20 2076 ·
97 2032 262 2120 gratisque
279 2030 392 2097 animis
408 2031 653 2117 prosequuntur.

188 2145 344 2222 Quantum
362 2145 401 2208 ad
416 2164 486 2216 rem
501 2141 674 2208 literarium
690 2155 824 2228 spectat,
843 2145 998 2212 „titione

96 2266 194 2350 certe
203 2254 287 2320 inter
302 2253 474 2340 praecipua
489 2253 689 2339 maximeque
706 2254 890 2322 admiranda
905 2258 999 2324 medii

95 2365 167 2430 aevi
183 2385 285 2450 opera
298 2363 460 2430 numerari
476 2367 581 2440 dehet,
597 2363 792 2450 quodetiam
808 2387 850 2431 ex
871 2369 998 2454 antiquo

93 2477 147 2540 itto
164 2476 364 2543 lslandorum
386 2488 482 2562 patet,
499 2495 631 2551 „omnes
646 2481 761 2560 poetae
779 2476 893 2542 Lilium
910 2500 997 2544 com·

96 2583 249 2672 posuisse
264 2591 463 2653 voluerunt“
502 2587 537 2652 Si
559 2587 720 2651 fervorem
743 2597 774 2650 et
795 2588 997 2654 devotionem
1073 2569 1075 2574 Ι

15 2688 27 2798 '⁸
94 2720 172 2765 vere
189 2700 403 2775 chrIstianam,
425 2720 517 2784 qnam
538 2697 639 2784 spirat
659 2703 784 2782 poema,
804 2699 995 2784 respicimus

92 2813 229 2896 hymnos
269 2814 303 2876 S.
329 2809 484 2876 Bernardi
513 2822 546 2874 et
581 2810 798 2874 hexaemeron
828 2812 862 2874 S.
887 2809 995 2876 Basilii

90 2921 201 3008 Magni
217 2944 280 2987 non
297 2922 401 2986 solum
417 2932 599 2986 assecutum
624 2938 709 2992 esse,
731 2930 765 2982 nt
789 2940 847 3004 par
868 2920 908 2985 iis
932 2920 993 2987 dici

90 3032 208 3116 possit,
229 3032 401 3098 sedetiam
425 3031 545 3118 passim
572 3049 746 3114 superasse
766 3030 901 3096 videtur.
934 3033 992 3111 Qui

88 3145 151 3207 hos
168 3143 249 3207 duos
271 3153 421 3206 auctores
443 3141 521 3206 satis
546 3152 726 3214 versarunt,
747 3159 919 3225 veramque
941 3141 987 3206 in-

88 3254 195 3320 dolem
221 3249 459 3317 christianitatis
490 3250 616 3336 penitus
640 3249 829 3336 intelligunt,
845 3249 885 3315 iis
902 3265 989 3318 certe

87 3385 153 3428 non
161 3363 275 3452 mirum
285 3362 491 3447 eritpoiitam
500 3374 646 3426 nostrum
657 3359 988 3447 triginta„str0phas“

88 3477 138 3540 vel
158 3473 292 3559 amplius
315 3471 545 3538 introductioni
567 3469 798 3558 assignavisse,
820 3485 992 3559 antequam-

88 3587 125 3654 de
143 3590 177 3650 S.
195 3589 228 3650 S.
244 3583 377 3671 Virgine
393 3583 463 3668 ipsa
479 3603 578 3671 agere
594 3581 732 3666 incipiat.
754 3583 788 3646 ln
805 3583 868 3648 hoc
883 3583 986 3659 Deum

677 3693 710 3755 ,1
730 3694 749 3735 a
